datetime,bid_price,bid_order_qty,bid_executed_qty,ask_order_qty,ask_executed_qty,is_anomaly,pred_prob,pred_label
2025-02-13 08:00:04.857,2562,327,264,340,251,0,0.8124493,0
2025-02-13 08:00:05.135,2562,348,272,342,278,0,0.8131168,0
2025-02-13 08:00:05.396,2562,379,275,373,281,0,0.8167919,0
2025-02-13 08:00:05.664,2562,383,280,373,290,0,0.8165847,0
2025-02-13 08:00:05.867,2562,385,283,375,293,0,0.81625146,0
2025-02-13 08:00:06.089,2562,394,296,377,313,0,0.8158846,0
2025-02-13 08:00:06.379,2562,402,296,382,316,0,0.81717527,0
2025-02-13 08:00:06.589,2562,409,297,383,323,0,0.8174561,0
2025-02-13 08:00:06.865,2562,416,297,390,323,0,0.8186895,0
2025-02-13 08:00:07.094,2562,432,306,408,330,0,0.81813,0
2025-02-13 08:00:07.368,2562,437,306,410,333,0,0.8178436,0
2025-02-13 08:00:07.628,2562,441,308,413,336,0,0.8190623,0
2025-02-13 08:00:07.859,2562,477,308,419,366,0,0.8190449,0
2025-02-13 08:00:08.084,2562,483,313,420,376,0,0.82433826,0
2025-02-13 08:00:08.366,2562,485,315,424,376,0,0.8267579,0
2025-02-13 08:00:08.627,2562,498,317,431,384,0,0.8279421,0
2025-02-13 08:00:08.869,2562,500,322,431,391,0,0.8296305,0
2025-02-13 08:00:09.089,2562,500,324,432,392,0,0.8315321,0
2025-02-13 08:00:09.379,2562,501,329,434,396,0,0.83251923,0
2025-02-13 08:00:09.588,2562,515,347,435,427,0,0.8337394,0
2025-02-13 08:00:09.864,2562,522,348,435,435,0,0.8389413,0
2025-02-13 08:00:10.123,2562,527,367,435,459,0,0.84242356,0
2025-02-13 08:00:10.399,2562,527,369,435,461,0,0.847386,0
2025-02-13 08:00:10.618,2562,528,369,435,462,0,0.84968466,0
2025-02-13 08:00:10.872,2562,528,390,437,481,0,0.8516146,0
2025-02-13 08:00:11.088,2562,538,391,437,492,0,0.8546847,0
2025-02-13 08:00:11.366,2562,539,398,445,492,0,0.85863185,0
2025-02-13 08:00:11.635,2562,543,400,450,493,0,0.85966176,0
2025-02-13 08:00:11.860,2562,549,401,450,500,0,0.86118567,0
2025-02-13 08:00:12.089,2562,570,403,452,521,0,0.86436164,0
2025-02-13 08:00:12.365,2562,575,404,458,521,0,0.86915493,0
2025-02-13 08:00:12.600,2562,611,405,471,545,0,0.8706283,0
2025-02-13 08:00:12.869,2562,630,407,472,565,0,0.87504095,0
2025-02-13 08:00:13.091,2562,632,407,472,567,0,0.8800112,0
2025-02-13 08:00:13.365,2562,635,407,474,568,0,0.88285834,0
2025-02-13 08:00:13.631,2562,648,417,484,581,0,0.88513196,0
2025-02-13 08:00:13.864,2562,654,418,484,588,0,0.8874362,0
2025-02-13 08:00:14.083,2562,655,420,484,591,0,0.8906198,0
2025-02-13 08:00:14.365,2562,661,420,484,597,0,0.8933161,0
2025-02-13 08:00:14.583,2562,669,420,484,605,0,0.896633,0
2025-02-13 08:00:14.875,2562,679,420,490,609,0,0.89964044,0
2025-02-13 08:00:15.083,2562,680,454,497,637,0,0.9019936,0
2025-02-13 08:00:15.359,2562,685,462,499,648,0,0.9047905,0
2025-02-13 08:00:15.622,2562,687,464,499,652,0,0.90712595,0
2025-02-13 08:00:15.862,2562,690,466,499,657,0,0.90907514,0
2025-02-13 08:00:16.085,2562,696,466,502,660,0,0.9112552,0
2025-02-13 08:00:16.378,2562,698,466,502,662,0,0.9130213,0
2025-02-13 08:00:16.587,2562,708,468,509,667,0,0.91467303,0
2025-02-13 08:00:16.859,2562,710,468,510,668,0,0.9161326,0
2025-02-13 08:00:17.081,2562,743,480,540,683,0,0.91741765,0
2025-02-13 08:00:17.363,2562,749,482,545,686,0,0.9176207,0
2025-02-13 08:00:17.626,2562,753,487,546,694,0,0.9184447,0
2025-02-13 08:00:17.859,2562,761,487,551,697,0,0.919656,0
2025-02-13 08:00:18.087,2562,778,489,554,713,0,0.9202181,0
2025-02-13 08:00:18.370,2562,796,489,560,725,0,0.92256206,0
2025-02-13 08:00:18.586,2562,806,491,561,736,0,0.9245534,0
2025-02-13 08:00:18.864,2562,811,491,566,736,0,0.92675316,0
2025-02-13 08:00:19.084,2562,828,491,568,751,1,0.9275781,0
2025-02-13 08:00:19.372,2562,831,496,571,756,0,0.9304143,0
2025-02-13 08:00:19.584,2562,833,496,572,757,0,0.931909,0
2025-02-13 08:00:19.857,2562,835,496,572,759,0,0.93343484,0
2025-02-13 08:00:20.085,2562,864,505,593,776,1,0.9351246,0
2025-02-13 08:00:20.378,2562,868,505,597,776,0,0.9366859,0
2025-02-13 08:00:20.587,2562,871,505,599,777,0,0.9378862,0
2025-02-13 08:00:20.862,2562,871,506,600,777,0,0.93884605,0
2025-02-13 08:00:21.088,2562,872,506,601,777,0,0.93949854,0
2025-02-13 08:00:21.366,2562,880,515,607,788,0,0.9398396,0
2025-02-13 08:00:21.617,2562,890,516,607,799,0,0.9407815,0
2025-02-13 08:00:21.860,2562,891,516,608,799,0,0.9422264,0
2025-02-13 08:00:22.084,2562,901,520,609,812,0,0.9426809,0
2025-02-13 08:00:22.382,2562,901,521,610,812,0,0.944251,0
2025-02-13 08:00:22.584,2562,905,524,610,819,0,0.9448277,0
2025-02-13 08:00:22.861,2562,906,525,610,821,0,0.94592077,0
2025-02-13 08:00:23.084,2562,914,528,617,825,0,0.94678885,0
2025-02-13 08:00:23.380,2562,917,537,619,835,0,0.9474297,0
2025-02-13 08:00:23.586,2562,919,538,620,837,0,0.94859546,0
2025-02-13 08:00:23.863,2562,920,538,620,838,0,0.94946384,0
2025-02-13 08:00:24.087,2562,957,540,638,859,1,0.9502926,0
2025-02-13 08:00:24.380,2562,970,541,638,873,1,0.95169854,0
2025-02-13 08:00:24.583,2562,998,550,638,910,1,0.95362717,0
2025-02-13 08:00:24.863,2562,1000,550,638,912,1,0.9567803,1
2025-02-13 08:00:25.081,2562,1006,557,638,925,1,0.9581503,1
2025-02-13 08:00:25.377,2562,1009,557,640,926,1,0.9598547,1
2025-02-13 08:00:25.582,2562,1011,562,641,932,1,0.96095866,1
2025-02-13 08:00:25.857,2562,1011,563,642,932,1,0.96217793,1
2025-02-13 08:00:26.085,2562,1017,589,673,933,1,0.9631215,1
2025-02-13 08:00:26.366,2562,1021,589,676,934,1,0.9624593,1
2025-02-13 08:00:26.855,2562,1027,593,680,940,1,0.9629361,1
2025-02-13 08:00:27.084,2562,1027,596,681,942,0,0.9633446,1
2025-02-13 08:00:27.361,2562,1027,599,681,945,0,0.9636429,1
2025-02-13 08:00:27.595,2562,1028,600,681,947,0,0.9636014,1
2025-02-13 08:00:27.855,2562,1029,606,681,954,0,0.96357185,1
2025-02-13 08:00:28.079,2562,1047,610,684,973,1,0.9635421,1
2025-02-13 08:00:28.586,2562,1048,610,684,974,1,0.9640969,1
2025-02-13 08:00:28.859,2562,1050,610,684,976,1,0.9641911,1
2025-02-13 08:00:29.082,2562,1070,610,693,987,1,0.96426034,1
2025-02-13 08:00:29.361,2562,1072,610,694,988,1,0.9647595,1
2025-02-13 08:00:29.592,2562,1072,614,694,992,1,0.96512437,1
2025-02-13 08:00:29.842,2562,1073,615,694,994,1,0.9654804,1
2025-02-13 08:00:30.838,2562,1074,618,696,996,0,0.9658341,1
2025-02-13 08:00:31.089,2562,1076,643,707,1012,1,0.9660859,1
2025-02-13 08:00:31.603,2562,1087,646,721,1012,1,0.96595997,1
2025-02-13 08:00:31.859,2562,1089,649,725,1013,0,0.9656501,1
2025-02-13 08:00:32.093,2562,1125,719,828,1016,0,0.965479,1
2025-02-13 08:00:32.365,2562,1126,719,828,1017,0,0.9606614,1
2025-02-13 08:00:32.603,2562,1147,751,833,1065,1,0.9596362,1
2025-02-13 08:00:32.859,2562,1147,755,833,1069,0,0.9591038,1
2025-02-13 08:00:33.089,2562,1165,755,837,1083,1,0.95836693,1
2025-02-13 08:00:33.362,2562,1177,756,848,1085,0,0.95782137,1
2025-02-13 08:00:33.604,2562,1183,758,848,1093,0,0.9566053,0
2025-02-13 08:00:33.859,2562,1183,759,848,1094,0,0.95597523,0
2025-02-13 08:00:34.361,2562,1185,759,848,1096,0,0.9551535,0
2025-02-13 08:00:34.599,2562,1191,762,848,1105,0,0.954665,0
2025-02-13 08:00:34.859,2562,1192,762,848,1106,0,0.9540723,0
2025-02-13 08:00:35.356,2562,1193,775,855,1113,0,0.9544616,0
2025-02-13 08:00:35.592,2562,1196,778,857,1117,0,0.9545428,0
2025-02-13 08:00:36.088,2562,1196,811,865,1142,0,0.9546102,0
2025-02-13 08:00:36.362,2562,1196,826,865,1157,0,0.9543033,0
2025-02-13 08:00:36.857,2562,1202,826,867,1161,0,0.9543698,0
2025-02-13 08:00:37.094,2562,1204,826,867,1163,0,0.9545098,0
2025-02-13 08:00:37.589,2562,1206,830,867,1169,0,0.9546136,0
2025-02-13 08:00:37.859,2562,1218,837,873,1182,0,0.95467085,0
2025-02-13 08:00:38.088,2562,1218,838,873,1183,0,0.95456624,0
2025-02-13 08:00:38.361,2562,1218,839,873,1184,0,0.95459247,0
2025-02-13 08:00:39.088,2562,1220,841,875,1186,0,0.95460373,0
2025-02-13 08:00:39.592,2562,1221,841,876,1186,0,0.95451826,0
2025-02-13 08:00:39.857,2562,1222,841,877,1186,0,0.9545176,0
2025-02-13 08:00:40.590,2562,1222,842,877,1187,0,0.95458865,0
2025-02-13 08:00:40.836,2562,1222,843,877,1188,0,0.95464283,0
2025-02-13 08:00:41.087,2562,1234,849,895,1188,0,0.9546749,0
2025-02-13 08:00:41.359,2562,1239,849,900,1188,0,0.95370823,0
2025-02-13 08:00:41.592,2562,1239,850,901,1188,0,0.9533275,0
2025-02-13 08:00:42.093,2562,1240,850,902,1188,0,0.953054,0
2025-02-13 08:00:42.367,2562,1240,851,903,1188,0,0.9528005,0
2025-02-13 08:00:42.595,2562,1248,852,912,1188,0,0.95253414,0
2025-02-13 08:00:43.091,2562,1248,856,914,1190,0,0.9518452,0
2025-02-13 08:00:43.590,2562,1294,917,1021,1190,0,0.9514207,0
2025-02-13 08:00:43.854,2562,1299,917,1026,1190,0,0.9437571,0
2025-02-13 08:00:44.091,2562,1307,923,1034,1196,0,0.94177866,0
2025-02-13 08:00:44.357,2562,1308,933,1043,1198,0,0.93933374,0
2025-02-13 08:00:44.591,2562,1319,935,1052,1202,0,0.93672955,0
2025-02-13 08:00:44.860,2562,1335,939,1062,1212,0,0.9343354,0
2025-02-13 08:00:45.592,2562,1335,940,1063,1212,0,0.9317301,0
2025-02-13 08:00:45.858,2562,1336,940,1064,1212,0,0.92947567,0
2025-02-13 08:00:46.091,2562,1355,942,1067,1230,0,0.9269497,0
2025-02-13 08:00:46.855,2562,1355,943,1067,1231,0,0.9254849,0
2025-02-13 08:00:47.089,2562,1369,943,1070,1242,0,0.9230236,0
2025-02-13 08:00:47.595,2562,1369,945,1071,1243,0,0.92313063,0
2025-02-13 08:00:47.861,2562,1370,947,1074,1243,0,0.9230781,0
2025-02-13 08:00:48.087,2562,1370,949,1075,1244,0,0.92278963,0
2025-02-13 08:00:48.359,2562,1371,949,1076,1244,0,0.92282486,0
2025-02-13 08:00:48.595,2562,1388,949,1077,1260,0,0.9229522,0
2025-02-13 08:00:48.861,2562,1390,949,1077,1262,0,0.923779,0
2025-02-13 08:00:49.095,2562,1392,954,1078,1268,0,0.9242744,0
2025-02-13 08:00:49.859,2562,1393,955,1079,1269,0,0.9247128,0
2025-02-13 08:00:50.092,2562,1395,955,1079,1271,0,0.9248425,0
2025-02-13 08:00:50.609,2562,1395,956,1079,1272,0,0.9251203,0
2025-02-13 08:00:51.094,2562,1399,956,1083,1272,0,0.92526305,0
2025-02-13 08:00:51.605,2562,1400,957,1084,1273,0,0.92506117,0
2025-02-13 08:00:51.862,2562,1414,957,1095,1276,0,0.92513686,0
2025-02-13 08:00:52.095,2562,1419,957,1096,1280,0,0.92439795,0
2025-02-13 08:00:52.602,2562,1420,958,1096,1282,0,0.9245812,0
2025-02-13 08:00:52.866,2562,1421,958,1096,1283,0,0.92457896,0
2025-02-13 08:00:53.095,2562,1428,958,1100,1286,0,0.92460823,0
2025-02-13 08:00:53.360,2562,1448,960,1114,1294,0,0.9243513,0
2025-02-13 08:00:53.604,2562,1448,964,1116,1296,0,0.92335,0
2025-02-13 08:00:53.865,2562,1448,966,1117,1297,0,0.9229932,0
2025-02-13 08:00:54.087,2562,1449,967,1118,1298,0,0.9226779,0
2025-02-13 08:00:54.602,2562,1449,970,1118,1301,0,0.92246777,0
2025-02-13 08:00:55.092,2562,1464,970,1123,1311,0,0.92227364,0
2025-02-13 08:00:55.597,2562,1465,970,1123,1312,0,0.92212987,0
2025-02-13 08:00:56.089,2562,1466,970,1123,1313,0,0.9221475,0
2025-02-13 08:00:56.356,2562,1468,970,1124,1314,0,0.9221354,0
2025-02-13 08:00:56.602,2562,1474,971,1128,1317,0,0.9220266,0
2025-02-13 08:00:57.862,2562,1475,971,1129,1317,0,0.92166066,0
2025-02-13 08:00:58.091,2562,1478,985,1145,1318,0,0.9215847,0
2025-02-13 08:00:58.599,2562,1480,991,1147,1324,0,0.9197927,0
2025-02-13 08:00:58.861,2562,1481,993,1149,1325,0,0.919299,0
2025-02-13 08:00:59.092,2562,1482,994,1151,1325,0,0.91881496,0
2025-02-13 08:00:59.592,2562,1485,994,1154,1325,0,0.9183392,0
2025-02-13 08:00:59.863,2562,1487,994,1156,1325,0,0.91769,0
2025-02-13 08:01:00.092,2562,1496,996,1167,1325,0,0.91705173,0
2025-02-13 08:01:00.341,2562,1496,998,1169,1325,0,0.9154765,0
2025-02-13 08:01:00.594,2562,1513,1000,1187,1326,0,0.91453093,0
2025-02-13 08:01:00.863,2562,1515,1000,1189,1326,0,0.91209894,0
2025-02-13 08:01:01.088,2562,1548,1028,1208,1368,0,0.910896,0
2025-02-13 08:01:01.593,2562,1551,1030,1209,1372,0,0.90870553,0
2025-02-13 08:01:01.858,2562,1551,1040,1209,1382,0,0.9081808,0
2025-02-13 08:01:02.095,2562,1551,1041,1210,1382,0,0.9076437,0
2025-02-13 08:01:02.594,2562,1556,1041,1210,1387,0,0.90699,0
2025-02-13 08:01:02.867,2562,1587,1056,1246,1397,0,0.9065203,0
2025-02-13 08:01:03.096,2562,1591,1061,1246,1406,0,0.9018228,0
2025-02-13 08:01:03.371,2562,1595,1062,1246,1411,0,0.9010024,0
2025-02-13 08:01:03.592,2562,1608,1064,1246,1426,0,0.9002547,0
2025-02-13 08:01:03.858,2562,1611,1064,1246,1429,0,0.89974904,0
2025-02-13 08:01:04.088,2562,1623,1064,1246,1441,0,0.8996683,0
2025-02-13 08:01:04.366,2562,1626,1064,1247,1443,0,0.8995873,0
2025-02-13 08:01:04.592,2562,1629,1065,1249,1445,0,0.899428,0
2025-02-13 08:01:04.861,2562,1637,1082,1272,1447,0,0.8989193,0
2025-02-13 08:01:05.096,2562,1700,1098,1285,1513,0,0.8957979,0
2025-02-13 08:01:05.600,2562,1725,1124,1287,1562,0,0.8927767,0
2025-02-13 08:01:05.864,2562,1725,1125,1287,1563,0,0.8913691,0
2025-02-13 08:01:06.093,2562,1726,1147,1301,1572,0,0.89113134,0
2025-02-13 08:01:06.372,2562,1727,1148,1303,1572,0,0.88804746,0
2025-02-13 08:01:06.594,2562,1729,1148,1305,1572,0,0.8856053,0
2025-02-13 08:01:07.091,2562,1730,1148,1306,1572,0,0.88264096,0
2025-02-13 08:01:07.591,2562,1730,1149,1307,1572,0,0.879796,0
2025-02-13 08:01:07.862,2562,1730,1150,1307,1573,0,0.8768353,0
2025-02-13 08:01:08.093,2562,1735,1152,1310,1577,0,0.8726404,0
2025-02-13 08:01:08.366,2562,1735,1153,1310,1578,0,0.8673211,0
2025-02-13 08:01:08.858,2562,1736,1156,1310,1582,0,0.8650595,0
2025-02-13 08:01:09.094,2562,1776,1279,1320,1735,1,0.86369276,0
2025-02-13 08:01:09.369,2562,1776,1279,1320,1735,1,0.8325018,0
2025-02-13 08:01:09.590,2562,1776,1279,1320,1735,1,0.82309264,0
2025-02-13 08:01:10.591,2562,1776,1279,1320,1735,0,0.8108972,0
2025-02-13 08:01:10.861,2562,1776,1279,1320,1735,0,0.7953166,0
2025-02-13 08:01:11.100,2562,1776,1279,1320,1735,0,0.775127,0
2025-02-13 08:01:11.375,2562,1776,1279,1320,1735,0,0.75135255,0
2025-02-13 08:01:11.595,2562,1776,1279,1320,1735,0,0.72461724,0
2025-02-13 08:01:12.128,2562,1776,1279,1320,1735,0,0.69352925,0
2025-02-13 08:01:12.373,2562,1776,1279,1320,1735,0,0.64924616,0
2025-02-13 08:01:12.593,2562,1776,1279,1320,1735,0,0.60739434,0
2025-02-13 08:01:12.865,2562,1776,1279,1320,1735,0,0.60739434,0
2025-02-13 08:01:13.097,2562,1776,1279,1320,1735,0,0.60739434,0
2025-02-13 08:01:13.370,2562,1776,1279,1320,1735,0,0.60739434,0
2025-02-13 08:01:13.589,2562,1776,1279,1320,1735,0,0.60739434,0
2025-02-13 08:01:13.869,2562,1776,1279,1320,1735,0,0.60739434,0
2025-02-13 08:01:14.592,2562,1776,1279,1320,1735,0,0.60739434,0
2025-02-13 08:01:14.863,2562,1776,1279,1320,1735,0,0.60739434,0
2025-02-13 08:01:15.091,2562,1776,1279,1320,1735,0,0.60739434,0
2025-02-13 08:01:15.589,2562,1776,1279,1320,1735,0,0.60739434,0
2025-02-13 08:01:15.861,2562,1776,1279,1320,1735,0,0.60739434,0
2025-02-13 08:01:16.089,2562,1776,1279,1320,1735,0,0.60739434,0
2025-02-13 08:01:16.361,2562,1776,1279,1320,1735,0,0.60739434,0
2025-02-13 08:01:16.590,2562,1776,1279,1320,1735,0,0.60739434,0
2025-02-13 08:01:17.590,2562,1776,1279,1320,1735,0,0.60739434,0
2025-02-13 08:01:18.090,2562,1776,1279,1320,1735,0,0.60739434,0
2025-02-13 08:01:18.357,2562,1776,1279,1320,1735,0,0.60739434,0
2025-02-13 08:01:18.594,2562,1776,1279,1320,1735,0,0.60739434,0
2025-02-13 08:01:18.859,2562,1776,1279,1320,1735,0,0.60739434,0
2025-02-13 08:01:19.092,2562,1776,1279,1320,1735,0,0.60739434,0
2025-02-13 08:01:19.362,2562,1776,1279,1320,1735,0,0.60739434,0
2025-02-13 08:01:19.589,2562,1776,1280,1321,1735,0,0.60739434,0
2025-02-13 08:01:20.096,2562,1776,1280,1321,1735,0,0.6077066,0
2025-02-13 08:01:20.361,2562,1776,1280,1321,1735,0,0.6078054,0
2025-02-13 08:01:20.592,2562,1776,1282,1323,1735,0,0.60791314,0
2025-02-13 08:01:20.861,2562,1776,1282,1323,1735,0,0.6086411,0
2025-02-13 08:01:21.090,2562,1776,1282,1323,1735,0,0.6089495,0
2025-02-13 08:01:21.358,2562,1781,1282,1328,1735,0,0.6092635,0
2025-02-13 08:01:21.587,2562,1781,1282,1328,1735,0,0.6089152,0
2025-02-13 08:01:21.865,2562,1781,1282,1328,1735,0,0.60952014,0
2025-02-13 08:01:22.590,2562,1781,1282,1328,1735,0,0.61012477,0
2025-02-13 08:01:22.861,2562,1781,1282,1328,1735,0,0.6107268,0
2025-02-13 08:01:23.091,2562,1786,1282,1333,1735,0,0.6112304,0
2025-02-13 08:01:23.338,2562,1788,1282,1335,1735,0,0.61101735,0
2025-02-13 08:01:23.592,2562,1788,1282,1335,1735,0,0.6114541,0
2025-02-13 08:01:23.861,2562,1789,1282,1336,1735,0,0.6121981,0
2025-02-13 08:01:24.091,2562,1790,1282,1336,1736,0,0.6128729,0
2025-02-13 08:01:24.359,2562,1790,1282,1336,1736,0,0.6123749,0
2025-02-13 08:01:24.862,2562,1790,1282,1336,1736,0,0.6125707,0
2025-02-13 08:01:25.090,2562,1790,1282,1336,1736,0,0.6127171,0
2025-02-13 08:01:25.368,2562,1790,1282,1336,1736,0,0.61288637,0
2025-02-13 08:01:25.591,2562,1790,1283,1336,1737,0,0.6130897,0
2025-02-13 08:01:25.872,2562,1879,1288,1385,1782,0,0.6123892,0
2025-02-13 08:01:26.596,2562,1880,1288,1385,1783,0,0.54440415,0
2025-02-13 08:01:27.361,2562,1880,1289,1385,1784,0,0.530717,0
2025-02-13 08:01:27.590,2562,1880,1290,1386,1784,0,0.51644045,0
2025-02-13 08:01:28.093,2562,1885,1293,1386,1792,0,0.503007,0
2025-02-13 08:01:28.864,2562,1909,1306,1387,1828,0,0.47742394,0
2025-02-13 08:01:29.085,2562,1909,1306,1387,1828,0,0.41169503,0
2025-02-13 08:01:29.858,2562,1910,1306,1387,1829,0,0.38444808,0
2025-02-13 08:01:30.086,2562,1910,1306,1387,1829,0,0.3557391,0
2025-02-13 08:01:30.588,2562,1915,1306,1387,1834,0,0.3274826,0
2025-02-13 08:01:31.085,2562,1915,1306,1387,1834,0,0.29594418,0
2025-02-13 08:01:31.358,2562,1923,1306,1387,1842,0,0.2812864,0
2025-02-13 08:01:31.589,2562,1928,1306,1389,1845,0,0.25855637,0
2025-02-13 08:01:33.088,2562,1929,1306,1389,1846,0,0.24067315,0
2025-02-13 08:01:33.590,2562,1929,1306,1389,1846,0,0.22452928,0
2025-02-13 08:01:33.862,2562,1930,1306,1389,1847,0,0.2126822,0
2025-02-13 08:01:34.858,2562,1931,1306,1389,1848,0,0.20766982,0
2025-02-13 08:01:35.087,2562,1931,1306,1389,1848,0,0.20275193,0
2025-02-13 08:01:35.855,2562,2016,1306,1452,1870,0,0.1988019,0
2025-02-13 08:01:36.088,2562,2016,1307,1453,1870,0,0.17461784,0
2025-02-13 08:01:37.084,2562,2016,1315,1453,1878,0,0.17085658,0
2025-02-13 08:01:37.582,2562,2016,1316,1454,1878,0,0.16345535,0
2025-02-13 08:01:37.856,2562,2021,1316,1459,1878,0,0.16045311,0
2025-02-13 08:01:38.084,2562,2021,1319,1460,1880,0,0.15722182,0
2025-02-13 08:01:38.356,2562,2026,1319,1465,1880,0,0.15396512,0
2025-02-13 08:01:38.866,2562,2027,1319,1466,1880,0,0.15117867,0
2025-02-13 08:01:39.091,2562,2028,1319,1467,1880,0,0.14912613,0
2025-02-13 08:01:39.370,2562,2036,1351,1495,1892,0,0.14716794,0
2025-02-13 08:01:40.087,2562,2036,1352,1496,1892,0,0.14349157,0
2025-02-13 08:01:40.361,2562,2041,1356,1505,1892,0,0.142655,0
2025-02-13 08:01:41.082,2562,2045,1356,1508,1893,0,0.14223339,0
2025-02-13 08:01:41.359,2562,2050,1356,1513,1893,0,0.14185627,0
2025-02-13 08:01:41.586,2562,2052,1356,1514,1894,0,0.14193447,0
2025-02-13 08:01:41.856,2562,2053,1356,1514,1895,0,0.14155744,0
2025-02-13 08:01:42.358,2562,2053,1359,1517,1895,0,0.14134356,0
2025-02-13 08:01:43.084,2562,2055,1359,1519,1895,0,0.1419307,0
2025-02-13 08:01:43.857,2562,2056,1359,1520,1895,0,0.14201146,0
2025-02-13 08:01:44.358,2562,2057,1359,1521,1895,0,0.14220913,0
2025-02-13 08:01:45.084,2562,2058,1363,1526,1895,0,0.14267126,0
2025-02-13 08:01:45.334,2562,2059,1363,1527,1895,0,0.14377122,0
2025-02-13 08:01:45.828,2562,2060,1363,1528,1895,0,0.1441227,0
2025-02-13 08:01:46.083,2562,2065,1365,1531,1899,0,0.14453116,0
2025-02-13 08:01:46.359,2562,2066,1365,1531,1900,0,0.14274761,0
2025-02-13 08:01:46.582,2562,2068,1365,1533,1900,0,0.14219075,0
2025-02-13 08:01:47.359,2562,2070,1365,1534,1901,0,0.14212698,0
2025-02-13 08:01:47.589,2562,2071,1365,1534,1902,0,0.14139315,0
2025-02-13 08:01:48.084,2562,2073,1365,1536,1902,0,0.14051615,0
2025-02-13 08:01:48.584,2562,2120,1370,1565,1925,0,0.14004283,0
2025-02-13 08:01:48.861,2562,2123,1371,1569,1925,0,0.1275487,0
2025-02-13 08:01:49.080,2562,2123,1371,1569,1925,0,0.12535466,0
2025-02-13 08:01:49.582,2562,2124,1376,1572,1928,0,0.12310641,0
2025-02-13 08:01:49.856,2562,2125,1376,1573,1928,0,0.12016292,0
2025-02-13 08:01:50.081,2562,2126,1376,1574,1928,0,0.118040584,0
2025-02-13 08:01:50.355,2562,2126,1377,1575,1928,0,0.11622125,0
2025-02-13 08:01:50.583,2562,2126,1377,1575,1928,0,0.11457851,0
2025-02-13 08:01:51.086,2562,2126,1377,1575,1928,0,0.11302765,0
2025-02-13 08:01:51.359,2562,2131,1377,1580,1928,0,0.11147896,0
2025-02-13 08:01:51.584,2562,2131,1378,1581,1928,0,0.1100006,0
2025-02-13 08:01:52.083,2562,2131,1392,1585,1938,0,0.11022229,0
2025-02-13 08:01:53.088,2562,2134,1392,1588,1938,0,0.10794942,0
2025-02-13 08:01:53.358,2562,2134,1392,1588,1938,0,0.10735435,0
2025-02-13 08:01:53.854,2562,2135,1392,1589,1938,0,0.106961705,0
2025-02-13 08:01:55.080,2562,2136,1392,1589,1939,0,0.106512755,0
2025-02-13 08:01:55.576,2562,2136,1393,1590,1939,0,0.10567383,0
2025-02-13 08:01:55.826,2562,2136,1394,1591,1939,0,0.10525946,0
2025-02-13 08:01:56.079,2562,2137,1395,1593,1939,0,0.104904935,0
2025-02-13 08:01:56.334,2562,2137,1427,1620,1944,0,0.10454987,0
2025-02-13 08:01:56.592,2562,2140,1427,1621,1946,0,0.1054513,0
2025-02-13 08:01:56.862,2562,2140,1427,1621,1946,0,0.10459159,0
2025-02-13 08:01:57.360,2562,2140,1427,1621,1946,0,0.105018266,0
2025-02-13 08:01:58.082,2562,2141,1427,1621,1947,0,0.10533283,0
2025-02-13 08:01:58.581,2562,2141,1428,1621,1948,0,0.10527625,0
2025-02-13 08:01:58.854,2562,2142,1428,1621,1949,0,0.10519844,0
2025-02-13 08:01:59.078,2562,2147,1428,1621,1954,0,0.105005145,0
2025-02-13 08:01:59.581,2562,2147,1429,1621,1955,0,0.10321504,0
2025-02-13 08:02:00.581,2562,2152,1429,1626,1955,0,0.1026523,0
2025-02-13 08:02:00.855,2562,2154,1429,1628,1955,0,0.10206591,0
2025-02-13 08:02:01.082,2562,2155,1429,1628,1956,0,0.10122226,0
2025-02-13 08:02:01.358,2562,2156,1429,1628,1957,0,0.100224,0
2025-02-13 08:02:01.585,2562,2163,1429,1631,1961,0,0.09919518,0
2025-02-13 08:02:01.858,2562,2164,1429,1632,1961,0,0.09700083,0
2025-02-13 08:02:02.082,2562,2165,1429,1633,1961,0,0.0960797,0
2025-02-13 08:02:02.358,2562,2167,1429,1635,1961,0,0.095206685,0
2025-02-13 08:02:02.583,2562,2167,1429,1635,1961,0,0.09447252,0
2025-02-13 08:02:03.082,2562,2169,1429,1637,1961,0,0.09417422,0
2025-02-13 08:02:03.869,2562,2173,1429,1639,1963,0,0.09393046,0
2025-02-13 08:02:04.084,2562,2173,1429,1639,1963,0,0.09296358,0
2025-02-13 08:02:04.866,2562,2174,1429,1640,1963,0,0.09255471,0
2025-02-13 08:02:05.079,2562,2174,1429,1640,1963,0,0.092196696,0
2025-02-13 08:02:06.579,2562,2176,1429,1642,1963,0,0.091968626,0
2025-02-13 08:02:06.856,2562,2177,1429,1643,1963,0,0.09192046,0
2025-02-13 08:02:07.079,2562,2177,1429,1643,1963,0,0.09191413,0
2025-02-13 08:02:07.583,2562,2177,1430,1644,1963,0,0.091926225,0
2025-02-13 08:02:08.081,2562,2177,1430,1644,1963,0,0.09200358,0
2025-02-13 08:02:08.583,2562,2178,1430,1645,1963,0,0.09201061,0
2025-02-13 08:02:08.856,2562,2180,1430,1647,1963,0,0.09197918,0
2025-02-13 08:02:10.077,2562,2181,1430,1647,1964,0,0.092044994,0
2025-02-13 08:02:10.581,2562,2181,1430,1647,1964,0,0.0918523,0
2025-02-13 08:02:11.079,2562,2181,1430,1647,1964,0,0.091908276,0
2025-02-13 08:02:12.584,2562,2181,1431,1648,1964,0,0.091961145,0
2025-02-13 08:02:13.084,2562,2181,1431,1648,1964,0,0.09205655,0
2025-02-13 08:02:13.357,2562,2181,1431,1648,1964,0,0.09207241,0
2025-02-13 08:02:13.582,2562,2181,1431,1648,1964,0,0.09209239,0
2025-02-13 08:02:13.855,2562,2181,1431,1648,1964,0,0.0920959,0
2025-02-13 08:02:14.082,2562,2181,1431,1648,1964,0,0.092104666,0
2025-02-13 08:02:14.582,2562,2181,1431,1648,1964,0,0.092088155,0
2025-02-13 08:02:15.357,2562,2181,1431,1648,1964,0,0.09204396,0
2025-02-13 08:02:15.864,2562,2181,1431,1648,1964,0,0.09206827,0
2025-02-13 08:02:16.081,2562,2181,1431,1648,1964,0,0.092094935,0
2025-02-13 08:02:16.582,2562,2181,1432,1649,1964,0,0.09211957,0
2025-02-13 08:02:17.577,2562,2182,1432,1650,1964,0,0.09220137,0
2025-02-13 08:02:18.078,2562,2182,1432,1650,1964,0,0.092204876,0
2025-02-13 08:02:18.580,2562,2183,1432,1651,1964,0,0.09224407,0
2025-02-13 08:02:18.862,2562,2184,1432,1652,1964,0,0.092264526,0
2025-02-13 08:02:19.081,2562,2184,1432,1652,1964,0,0.092302114,0
2025-02-13 08:02:20.579,2562,2184,1433,1653,1964,0,0.09236995,0
2025-02-13 08:02:21.081,2562,2185,1433,1654,1964,0,0.0925226,0
2025-02-13 08:02:22.580,2562,2185,1433,1654,1964,0,0.0925971,0
2025-02-13 08:02:22.828,2562,2185,1433,1654,1964,0,0.09270839,0
2025-02-13 08:02:23.081,2562,2185,1433,1654,1964,0,0.09282009,0
2025-02-13 08:02:23.358,2562,2185,1434,1655,1964,0,0.09290927,0
2025-02-13 08:02:23.857,2562,2186,1434,1656,1964,0,0.09306581,0
2025-02-13 08:02:24.080,2562,2186,1434,1656,1964,0,0.093145296,0
2025-02-13 08:02:24.862,2562,2187,1434,1656,1965,0,0.09324094,0
2025-02-13 08:02:25.080,2562,2187,1434,1656,1965,0,0.09300021,0
2025-02-13 08:02:25.826,2562,2187,1434,1656,1965,0,0.09301799,0
2025-02-13 08:02:26.077,2562,2187,1434,1656,1965,0,0.093000576,0
2025-02-13 08:02:27.079,2562,2187,1434,1656,1965,0,0.09296534,0
2025-02-13 08:02:27.355,2562,2220,1434,1674,1980,0,0.09292524,0
2025-02-13 08:02:28.078,2562,2220,1434,1674,1980,0,0.08792639,0
2025-02-13 08:02:28.826,2562,2221,1434,1675,1980,0,0.087219484,0
2025-02-13 08:02:29.077,2562,2221,1434,1675,1980,0,0.086449206,0
2025-02-13 08:02:31.088,2562,2221,1434,1675,1980,0,0.08571304,0
2025-02-13 08:02:31.590,2562,2226,1434,1679,1981,0,0.08489531,0
2025-02-13 08:02:32.087,2562,2226,1434,1679,1981,0,0.08389581,0
2025-02-13 08:02:33.088,2562,2226,1434,1679,1981,0,0.08319929,0
2025-02-13 08:02:33.356,2562,2226,1434,1679,1981,0,0.082576625,0
2025-02-13 08:02:33.855,2562,2227,1434,1680,1981,0,0.08190978,0
2025-02-13 08:02:34.088,2562,2227,1434,1680,1981,0,0.08131658,0
2025-02-13 08:02:34.341,2562,2228,1434,1680,1982,0,0.08133264,0
2025-02-13 08:02:35.089,2562,2228,1434,1680,1982,0,0.08108576,0
2025-02-13 08:02:36.089,2562,2228,1434,1680,1982,0,0.08104182,0
2025-02-13 08:02:37.087,2562,2228,1434,1680,1982,0,0.08099272,0
2025-02-13 08:02:37.610,2562,2228,1434,1680,1982,0,0.08094657,0
2025-02-13 08:02:38.090,2562,2228,1434,1680,1982,0,0.08089389,0
2025-02-13 08:02:38.357,2562,2228,1434,1680,1982,0,0.08084855,0
2025-02-13 08:02:38.856,2562,2229,1434,1681,1982,0,0.08080562,0
2025-02-13 08:02:39.089,2562,2229,1434,1681,1982,0,0.08075481,0
2025-02-13 08:02:39.594,2562,2229,1434,1681,1982,0,0.08070567,0
2025-02-13 08:02:40.085,2562,2229,1434,1681,1982,0,0.08066421,0
2025-02-13 08:02:40.358,2562,2229,1434,1681,1982,0,0.080677696,0
2025-02-13 08:02:40.587,2562,2229,1434,1681,1982,0,0.08068942,0
2025-02-13 08:02:41.087,2562,2229,1434,1681,1982,0,0.08070147,0
2025-02-13 08:02:41.355,2562,2229,1434,1681,1982,0,0.08071254,0
2025-02-13 08:02:41.593,2562,2229,1434,1681,1982,0,0.08072593,0
2025-02-13 08:02:42.086,2562,2229,1434,1681,1982,0,0.08074051,0
2025-02-13 08:02:42.585,2562,2229,1434,1681,1982,0,0.080754526,0
2025-02-13 08:02:42.835,2562,2229,1434,1681,1982,0,0.080754526,0
2025-02-13 08:02:43.083,2562,2229,1434,1681,1982,0,0.080754526,0
2025-02-13 08:02:43.857,2562,2229,1434,1681,1982,0,0.080754526,0
2025-02-13 08:02:44.083,2562,2229,1434,1681,1982,0,0.080754526,0
2025-02-13 08:02:45.086,2562,2229,1434,1681,1982,0,0.080754526,0
2025-02-13 08:02:45.585,2562,2229,1434,1681,1982,0,0.080754526,0
2025-02-13 08:02:46.085,2562,2229,1434,1681,1982,0,0.080754526,0
2025-02-13 08:02:47.085,2562,2229,1434,1681,1982,0,0.080754526,0
2025-02-13 08:02:47.589,2562,2229,1434,1681,1982,0,0.080754526,0
2025-02-13 08:02:48.086,2562,2229,1434,1681,1982,0,0.080754526,0
2025-02-13 08:02:48.361,2562,2229,1434,1681,1982,0,0.080754526,0
2025-02-13 08:02:48.858,2562,2229,1434,1681,1982,0,0.080754526,0
2025-02-13 08:02:49.089,2562,2229,1434,1681,1982,0,0.080754526,0
2025-02-13 08:02:49.855,2562,2229,1434,1681,1982,0,0.080754526,0
2025-02-13 08:02:50.090,2562,2229,1434,1681,1982,0,0.080754526,0
2025-02-13 08:02:51.092,2562,2229,1434,1681,1982,0,0.080754526,0
2025-02-13 08:02:51.360,2562,2229,1434,1681,1982,0,0.080754526,0
2025-02-13 08:02:51.586,2562,2229,1435,1682,1982,0,0.080754526,0
2025-02-13 08:02:52.588,2562,2229,1435,1682,1982,0,0.08082733,0
2025-02-13 08:02:52.854,2562,2229,1435,1682,1982,0,0.08084792,0
2025-02-13 08:02:53.086,2562,2229,1435,1682,1982,0,0.08086961,0
2025-02-13 08:02:53.341,2562,2229,1435,1682,1982,0,0.08089038,0
2025-02-13 08:02:53.855,2562,2229,1435,1682,1982,0,0.080911726,0
2025-02-13 08:02:54.089,2562,2229,1435,1682,1982,0,0.08093171,0
2025-02-13 08:02:55.089,2562,2229,1435,1682,1982,0,0.08095097,0
2025-02-13 08:02:56.100,2562,2229,1435,1682,1982,0,0.08097153,0
2025-02-13 08:02:57.091,2562,2229,1435,1682,1982,0,0.08099349,0
2025-02-13 08:02:57.863,2562,2229,1435,1682,1982,0,0.08101387,0
2025-02-13 08:02:58.095,2562,2229,1435,1682,1982,0,0.08101387,0
2025-02-13 08:02:58.380,2562,2229,1435,1682,1982,0,0.08101387,0
2025-02-13 08:02:58.595,2562,2229,1435,1682,1982,0,0.08101387,0
2025-02-13 08:02:58.862,2562,2229,1435,1682,1982,0,0.08101387,0
2025-02-13 08:02:59.087,2562,2229,1435,1682,1982,0,0.08101387,0
2025-02-13 08:02:59.357,2562,2229,1435,1682,1982,0,0.08101387,0
2025-02-13 08:02:59.591,2562,2229,1435,1682,1982,0,0.08101387,0
2025-02-13 08:03:00.087,2562,2229,1435,1682,1982,0,0.08101387,0
2025-02-13 08:03:00.596,2562,2229,1435,1682,1982,0,0.08101387,0
2025-02-13 08:03:00.837,2562,2229,1435,1682,1982,0,0.08101387,0
2025-02-13 08:03:01.088,2562,2229,1435,1682,1982,0,0.08101387,0
2025-02-13 08:03:01.859,2562,2229,1435,1682,1982,0,0.08101387,0
2025-02-13 08:03:02.086,2562,2229,1435,1682,1982,0,0.08101387,0
2025-02-13 08:03:02.359,2562,2229,1435,1682,1982,0,0.08101387,0
2025-02-13 08:03:03.097,2562,2229,1435,1682,1982,0,0.08101387,0
2025-02-13 08:03:03.363,2562,2229,1435,1682,1982,0,0.08101387,0
2025-02-13 08:03:03.864,2562,2229,1435,1682,1982,0,0.08101387,0
2025-02-13 08:03:04.091,2562,2229,1435,1682,1982,0,0.08101387,0
2025-02-13 08:03:04.359,2562,2229,1435,1682,1982,0,0.08101387,0
2025-02-13 08:03:05.085,2562,2229,1435,1682,1982,0,0.08101387,0
2025-02-13 08:03:05.360,2562,2229,1435,1682,1982,0,0.08101387,0
2025-02-13 08:03:05.857,2562,2229,1435,1682,1982,0,0.08101387,0
2025-02-13 08:03:06.092,2562,2229,1435,1682,1982,0,0.08101387,0
2025-02-13 08:03:06.362,2562,2229,1435,1682,1982,0,0.08101387,0
2025-02-13 08:03:07.086,2562,2229,1435,1682,1982,0,0.08101387,0
2025-02-13 08:03:07.356,2562,2229,1435,1682,1982,0,0.08101387,0
2025-02-13 08:03:08.084,2562,2229,1435,1682,1982,0,0.08101387,0
2025-02-13 08:03:08.581,2562,2229,1435,1682,1982,0,0.08101387,0
2025-02-13 08:03:08.855,2562,2229,1435,1682,1982,0,0.08101387,0
2025-02-13 08:03:09.087,2562,2229,1435,1682,1982,0,0.08101387,0
2025-02-13 08:03:09.358,2562,2229,1435,1682,1982,0,0.08101387,0
2025-02-13 08:03:10.086,2562,2229,1435,1682,1982,0,0.08101387,0
2025-02-13 08:03:10.589,2562,2229,1435,1682,1982,0,0.08101387,0
2025-02-13 08:03:11.596,2562,2229,1435,1682,1982,0,0.08101387,0
2025-02-13 08:03:12.589,2562,2229,1435,1682,1982,0,0.08101387,0
2025-02-13 08:03:13.090,2562,2229,1435,1682,1982,0,0.08101387,0
2025-02-13 08:03:13.861,2562,2229,1435,1682,1982,0,0.08101387,0
2025-02-13 08:03:14.091,2562,2229,1435,1682,1982,0,0.08101387,0
2025-02-13 08:03:14.858,2562,2229,1435,1682,1982,0,0.08101387,0
2025-02-13 08:03:15.857,2562,2229,1435,1682,1982,0,0.08101387,0
2025-02-13 08:03:16.098,2562,2229,1435,1682,1982,0,0.08101387,0
2025-02-13 08:03:16.832,2562,2229,1435,1682,1982,0,0.08101387,0
2025-02-13 08:03:17.077,2562,2229,1435,1682,1982,0,0.08101387,0
2025-02-13 08:03:17.583,2562,2229,1435,1682,1982,0,0.08101387,0
2025-02-13 08:03:18.083,2562,2229,1435,1682,1982,0,0.08101387,0
2025-02-13 08:03:18.588,2562,2229,1435,1682,1982,0,0.08101387,0
2025-02-13 08:03:19.090,2562,2229,1435,1682,1982,0,0.08101387,0
2025-02-13 08:03:19.357,2562,2229,1435,1682,1982,0,0.08101387,0
2025-02-13 08:03:19.589,2562,2229,1435,1682,1982,0,0.08101387,0
2025-02-13 08:03:20.083,2562,2229,1435,1682,1982,0,0.08101387,0
2025-02-13 08:03:20.595,2562,2229,1435,1682,1982,0,0.08101387,0
2025-02-13 08:03:20.856,2562,2229,1435,1682,1982,0,0.08101387,0
2025-02-13 08:03:21.084,2562,2229,1435,1682,1982,0,0.08101387,0
2025-02-13 08:03:21.587,2562,2229,1435,1682,1982,0,0.08101387,0
2025-02-13 08:03:22.088,2562,2229,1435,1682,1982,0,0.08101387,0
2025-02-13 08:03:23.084,2562,2229,1435,1682,1982,0,0.08101387,0
2025-02-13 08:03:23.363,2562,2229,1435,1682,1982,0,0.08101387,0
2025-02-13 08:03:24.092,2562,2229,1435,1682,1982,0,0.08101387,0
2025-02-13 08:03:24.356,2562,2229,1435,1682,1982,0,0.08101387,0
2025-02-13 08:03:24.857,2562,2229,1435,1682,1982,0,0.08101387,0
2025-02-13 08:03:25.083,2562,2229,1435,1682,1982,0,0.08101387,0
2025-02-13 08:03:26.580,2562,2229,1435,1682,1982,0,0.08101387,0
2025-02-13 08:03:27.234,2562,2229,1435,1682,1982,0,0.08101387,0
2025-02-13 08:03:27.595,2562,2229,1435,1682,1982,0,0.08101387,0
2025-02-13 08:03:28.082,2562,2229,1435,1682,1982,0,0.08101387,0
2025-02-13 08:03:29.082,2562,2229,1435,1682,1982,0,0.08101387,0
2025-02-13 08:03:29.852,2562,2229,1435,1682,1982,0,0.08101387,0
2025-02-13 08:03:30.584,2562,2229,1435,1682,1982,0,0.08101387,0
2025-02-13 08:03:30.860,2562,2229,1435,1682,1982,0,0.08101387,0
2025-02-13 08:03:31.087,2562,2229,1435,1682,1982,0,0.08101387,0
2025-02-13 08:03:31.590,2562,2229,1435,1682,1982,0,0.08101387,0
2025-02-13 08:03:32.089,2562,2229,1435,1682,1982,0,0.08101387,0
2025-02-13 08:03:32.360,2562,2229,1435,1682,1982,0,0.08101387,0
2025-02-13 08:03:32.590,2562,2229,1435,1682,1982,0,0.08101387,0
2025-02-13 08:03:33.084,2562,2229,1435,1682,1982,0,0.08101387,0
2025-02-13 08:03:33.866,2562,2229,1435,1682,1982,0,0.08101387,0
2025-02-13 08:03:34.087,2562,2229,1435,1682,1982,0,0.08101387,0
2025-02-13 08:03:34.354,2562,2229,1435,1682,1982,0,0.08101387,0
2025-02-13 08:03:34.607,2562,2229,1435,1682,1982,0,0.08101387,0
2025-02-13 08:03:35.082,2562,2229,1435,1682,1982,0,0.08101387,0
2025-02-13 08:03:35.352,2562,2229,1435,1682,1982,0,0.08101387,0
2025-02-13 08:03:35.581,2562,2229,1435,1682,1982,0,0.08101387,0
2025-02-13 08:03:36.082,2562,2229,1435,1682,1982,0,0.08101387,0
2025-02-13 08:03:36.351,2562,2229,1435,1682,1982,0,0.08101387,0
2025-02-13 08:03:38.580,2562,2229,1435,1682,1982,0,0.08101387,0
2025-02-13 08:03:39.075,2562,2229,1435,1682,1982,0,0.08101387,0
2025-02-13 08:03:39.330,2562,2229,1435,1682,1982,0,0.08101387,0
2025-02-13 08:03:40.082,2562,2229,1435,1682,1982,0,0.08101387,0
2025-02-13 08:03:40.578,2562,2229,1435,1682,1982,0,0.08101387,0
2025-02-13 08:03:41.077,2562,2229,1435,1682,1982,0,0.08101387,0
2025-02-13 08:03:41.351,2562,2229,1435,1682,1982,0,0.08101387,0
2025-02-13 08:03:42.090,2562,2229,1435,1682,1982,0,0.08101387,0
2025-02-13 08:03:42.355,2562,2229,1435,1682,1982,0,0.08101387,0
2025-02-13 08:03:43.079,2562,2229,1435,1682,1982,0,0.08101387,0
2025-02-13 08:03:43.351,2562,2229,1435,1682,1982,0,0.08101387,0
2025-02-13 08:03:44.080,2562,2229,1435,1682,1982,0,0.08101387,0
2025-02-13 08:03:44.329,2562,2229,1435,1682,1982,0,0.08101387,0
2025-02-13 08:03:45.093,2562,2229,1435,1682,1982,0,0.08101387,0
2025-02-13 08:03:46.085,2562,2229,1435,1682,1982,0,0.08101387,0
2025-02-13 08:03:47.079,2562,2229,1435,1682,1982,0,0.08101387,0
2025-02-13 08:03:47.577,2562,2229,1435,1682,1982,0,0.08101387,0
2025-02-13 08:03:47.851,2562,2229,1435,1682,1982,0,0.08101387,0
2025-02-13 08:03:48.079,2562,2229,1435,1682,1982,0,0.08101387,0
2025-02-13 08:03:49.084,2562,2229,1435,1682,1982,0,0.08101387,0
2025-02-13 08:03:50.083,2562,2229,1435,1682,1982,0,0.08101387,0
2025-02-13 08:03:50.579,2562,2229,1435,1682,1982,0,0.08101387,0
2025-02-13 08:03:51.078,2562,2229,1435,1682,1982,0,0.08101387,0
2025-02-13 08:03:51.578,2562,2229,1435,1682,1982,0,0.08101387,0
2025-02-13 08:03:52.327,2562,2229,1435,1682,1982,0,0.08101387,0
2025-02-13 08:03:53.078,2562,2229,1435,1682,1982,0,0.08101387,0
2025-02-13 08:03:53.580,2562,2229,1435,1682,1982,0,0.08101387,0
2025-02-13 08:03:54.079,2562,2229,1435,1682,1982,0,0.08101387,0
2025-02-13 08:03:54.578,2562,2229,1435,1682,1982,0,0.08101387,0
2025-02-13 08:03:55.076,2562,2229,1435,1682,1982,0,0.08101387,0
2025-02-13 08:03:55.577,2562,2229,1435,1682,1982,0,0.08101387,0
2025-02-13 08:03:56.077,2562,2229,1435,1682,1982,0,0.08101387,0
2025-02-13 08:03:56.580,2562,2229,1435,1682,1982,0,0.08101387,0
2025-02-13 08:03:56.825,2562,2229,1435,1682,1982,0,0.08101387,0
2025-02-13 08:03:57.076,2562,2229,1435,1682,1982,0,0.08101387,0
2025-02-13 08:03:58.077,2562,2229,1435,1682,1982,0,0.08101387,0
2025-02-13 08:03:58.325,2562,2229,1435,1682,1982,0,0.08101387,0
2025-02-13 08:03:58.578,2562,2229,1435,1682,1982,0,0.08101387,0
2025-02-13 08:03:59.077,2562,2229,1435,1682,1982,0,0.08101387,0
2025-02-13 08:03:59.577,2562,2229,1435,1682,1982,0,0.08101387,0
2025-02-13 08:04:01.077,2562,2229,1435,1682,1982,0,0.08101387,0
2025-02-13 08:04:01.578,2562,2229,1435,1682,1982,0,0.08101387,0
2025-02-13 08:04:02.580,2562,2229,1435,1682,1982,0,0.08101387,0
2025-02-13 08:04:03.085,2562,2229,1435,1682,1982,0,0.08101387,0
2025-02-13 08:04:04.077,2562,2229,1435,1682,1982,0,0.08101387,0
2025-02-13 08:04:05.080,2562,2229,1435,1682,1982,0,0.08101387,0
2025-02-13 08:04:06.076,2562,2229,1435,1682,1982,0,0.08101387,0
2025-02-13 08:04:07.083,2562,2229,1435,1682,1982,0,0.08101387,0
2025-02-13 08:04:07.585,2562,2229,1435,1682,1982,0,0.08101387,0
2025-02-13 08:04:07.831,2562,2229,1435,1682,1982,0,0.08101387,0
2025-02-13 08:04:08.086,2562,2229,1435,1682,1982,0,0.08101387,0
2025-02-13 08:04:09.078,2562,2229,1435,1682,1982,0,0.08101387,0
2025-02-13 08:04:09.353,2562,2229,1435,1682,1982,0,0.08101387,0
2025-02-13 08:04:10.078,2562,2229,1435,1682,1982,0,0.08101387,0
2025-02-13 08:04:10.352,2562,2229,1435,1682,1982,0,0.08101387,0
2025-02-13 08:04:11.076,2562,2229,1435,1682,1982,0,0.08101387,0
2025-02-13 08:04:12.578,2562,2229,1435,1682,1982,0,0.08101387,0
2025-02-13 08:04:13.080,2562,2229,1435,1682,1982,0,0.08101387,0
2025-02-13 08:04:13.824,2562,2229,1435,1682,1982,0,0.08101387,0
2025-02-13 08:04:14.077,2562,2229,1435,1682,1982,0,0.08101387,0
2025-02-13 08:04:15.106,2562,2229,1435,1682,1982,0,0.08101387,0
2025-02-13 08:04:15.363,2562,2229,1435,1682,1982,0,0.08101387,0
2025-02-13 08:04:15.587,2562,2229,1435,1682,1982,0,0.08101387,0
2025-02-13 08:04:16.090,2562,2229,1435,1682,1982,0,0.08101387,0
2025-02-13 08:04:16.355,2562,2229,1435,1682,1982,0,0.08101387,0
2025-02-13 08:04:16.866,2562,2229,1435,1682,1982,0,0.08101387,0
2025-02-13 08:04:17.094,2562,2229,1435,1682,1982,0,0.08101387,0
2025-02-13 08:04:18.079,2562,2229,1435,1682,1982,0,0.08101387,0
2025-02-13 08:04:18.858,2562,2229,1435,1682,1982,0,0.08101387,0
2025-02-13 08:04:19.084,2562,2229,1435,1682,1982,0,0.08101387,0
2025-02-13 08:04:20.352,2562,2229,1435,1682,1982,0,0.08101395,0
2025-02-13 08:04:21.080,2562,2229,1435,1682,1982,0,0.08101387,0
2025-02-13 08:04:21.356,2562,2229,1435,1682,1982,0,0.08101387,0
2025-02-13 08:04:21.857,2562,2229,1435,1682,1982,0,0.08101387,0
2025-02-13 08:04:22.078,2562,2229,1435,1682,1982,0,0.08101387,0
2025-02-13 08:04:22.360,2562,2229,1435,1682,1982,0,0.08101387,0
2025-02-13 08:04:23.854,2562,2229,1435,1682,1982,0,0.08101387,0
2025-02-13 08:04:24.078,2562,2229,1435,1682,1982,0,0.08101395,0
2025-02-13 08:04:25.865,2562,2229,1435,1682,1982,0,0.08101395,0
2025-02-13 08:04:29.078,2562,2229,1435,1682,1982,0,0.08101387,0
2025-02-13 08:04:29.323,2562,2229,1435,1682,1982,0,0.08101387,0
2025-02-13 08:04:29.580,2562,2229,1435,1682,1982,0,0.08101387,0
2025-02-13 08:04:30.833,2562,2229,1435,1682,1982,0,0.08101387,0
2025-02-13 08:04:31.081,2562,2229,1435,1682,1982,0,0.08101387,0
2025-02-13 08:04:32.083,2562,2229,1435,1682,1982,0,0.08101387,0
2025-02-13 08:04:33.832,2562,2229,1435,1682,1982,0,0.08101387,0
2025-02-13 08:04:34.084,2562,2229,1435,1682,1982,0,0.08101387,0
2025-02-13 08:04:35.084,2562,2229,1435,1682,1982,0,0.08101387,0
2025-02-13 08:04:35.582,2562,2229,1435,1682,1982,0,0.08101387,0
2025-02-13 08:04:35.848,2562,2229,1435,1682,1982,0,0.08101387,0
2025-02-13 08:04:36.083,2562,2229,1435,1682,1982,0,0.08101387,0
2025-02-13 08:04:37.084,2562,2229,1435,1682,1982,0,0.08101387,0
2025-02-13 08:04:38.083,2562,2229,1435,1682,1982,0,0.08101387,0
2025-02-13 08:04:38.585,2562,2229,1435,1682,1982,0,0.08101387,0
2025-02-13 08:04:39.588,2562,2229,1435,1682,1982,0,0.08101387,0
2025-02-13 08:04:40.092,2562,2229,1435,1682,1982,0,0.08101387,0
2025-02-13 08:04:41.089,2562,2229,1435,1682,1982,0,0.08101387,0
2025-02-13 08:04:41.587,2562,2229,1435,1682,1982,0,0.08101387,0
2025-02-13 08:04:41.834,2562,2229,1435,1682,1982,0,0.08101387,0
2025-02-13 08:04:42.087,2562,2229,1435,1682,1982,0,0.08101387,0
2025-02-13 08:04:43.080,2562,2229,1435,1682,1982,0,0.08101387,0
2025-02-13 08:04:44.098,2562,2229,1435,1682,1982,0,0.08101387,0
2025-02-13 08:04:44.584,2562,2229,1435,1682,1982,0,0.08101387,0
2025-02-13 08:04:45.086,2562,2229,1435,1682,1982,0,0.08101387,0
2025-02-13 08:04:45.860,2562,2229,1435,1682,1982,0,0.08101387,0
2025-02-13 08:04:46.089,2562,2229,1435,1682,1982,0,0.08101387,0
2025-02-13 08:04:47.083,2562,2229,1435,1682,1982,0,0.08101387,0
2025-02-13 08:04:47.583,2562,2229,1435,1682,1982,0,0.08101387,0
2025-02-13 08:04:48.082,2562,2229,1435,1682,1982,0,0.08101387,0
2025-02-13 08:04:49.085,2562,2229,1435,1682,1982,0,0.08101387,0
2025-02-13 08:04:49.336,2562,2229,1435,1682,1982,0,0.08101387,0
2025-02-13 08:04:50.083,2562,2229,1435,1682,1982,0,0.08101387,0
2025-02-13 08:04:51.084,2562,2229,1435,1682,1982,0,0.08101387,0
2025-02-13 08:04:51.585,2562,2229,1435,1682,1982,0,0.08101387,0
2025-02-13 08:04:52.085,2562,2229,1435,1682,1982,0,0.08101387,0
2025-02-13 08:04:52.581,2562,2229,1435,1682,1982,0,0.08101387,0
2025-02-13 08:04:53.085,2562,2229,1435,1682,1982,0,0.08101387,0
2025-02-13 08:04:53.585,2562,2229,1435,1682,1982,0,0.08101387,0
2025-02-13 08:04:54.082,2562,2229,1435,1682,1982,0,0.08101387,0
2025-02-13 08:04:54.333,2562,2229,1435,1682,1982,0,0.08101387,0
2025-02-13 08:04:55.082,2562,2229,1435,1682,1982,0,0.08101387,0
2025-02-13 08:04:56.084,2562,2229,1435,1682,1982,0,0.08101387,0
2025-02-13 08:04:56.584,2562,2229,1435,1682,1982,0,0.08101387,0
2025-02-13 08:04:57.086,2562,2229,1435,1682,1982,0,0.08101387,0
2025-02-13 08:04:58.080,2562,2229,1435,1682,1982,0,0.08101387,0
2025-02-13 08:04:58.331,2562,2229,1435,1682,1982,0,0.08101387,0
2025-02-13 08:04:58.582,2562,2229,1435,1682,1982,0,0.08101387,0
2025-02-13 08:04:58.828,2562,2229,1435,1682,1982,0,0.08101387,0
2025-02-13 08:04:59.081,2562,2229,1435,1682,1982,0,0.08101387,0
2025-02-13 08:04:59.579,2562,2229,1435,1682,1982,0,0.08101387,0
2025-02-13 08:05:00.425,2562,2229,1435,1682,1982,0,0.08101387,0
2025-02-13 08:05:01.091,2562,2229,1435,1682,1982,0,0.08101387,0
2025-02-13 08:05:01.360,2562,2229,1435,1682,1982,0,0.08101387,0
2025-02-13 08:05:01.591,2562,2229,1435,1682,1982,0,0.08101387,0
2025-02-13 08:05:01.859,2562,2229,1435,1682,1982,0,0.08101387,0
2025-02-13 08:05:04.091,2562,2229,1435,1682,1982,0,0.08101387,0
2025-02-13 08:05:05.085,2562,2229,1435,1682,1982,0,0.08101387,0
2025-02-13 08:05:05.352,2562,2229,1435,1682,1982,0,0.08101387,0
2025-02-13 08:05:06.078,2562,2229,1435,1682,1982,0,0.08101387,0
2025-02-13 08:05:06.583,2562,2229,1435,1682,1982,0,0.08101387,0
2025-02-13 08:05:07.087,2562,2229,1435,1682,1982,0,0.08101387,0
2025-02-13 08:05:07.584,2562,2229,1435,1682,1982,0,0.08101387,0
2025-02-13 08:05:08.087,2562,2229,1435,1682,1982,0,0.08101387,0
2025-02-13 08:05:08.585,2562,2229,1435,1682,1982,0,0.08101387,0
2025-02-13 08:05:09.082,2562,2229,1435,1682,1982,0,0.08101387,0
2025-02-13 08:05:10.082,2562,2229,1435,1682,1982,0,0.08101387,0
2025-02-13 08:05:11.329,2562,2229,1435,1682,1982,0,0.08101387,0
2025-02-13 08:05:11.583,2562,2229,1435,1682,1982,0,0.08101387,0
2025-02-13 08:05:12.852,2562,2229,1435,1682,1982,0,0.08101387,0
2025-02-13 08:05:13.591,2562,2229,1435,1682,1982,0,0.08101387,0
2025-02-13 08:05:14.360,2562,2229,1435,1682,1982,0,0.08101387,0
2025-02-13 08:05:14.863,2562,2229,1435,1682,1982,0,0.08101387,0
2025-02-13 08:05:15.091,2562,2229,1435,1682,1982,0,0.08101387,0
2025-02-13 08:05:15.587,2562,2229,1435,1682,1982,0,0.08101387,0
2025-02-13 08:05:16.851,2562,2229,1435,1682,1982,0,0.08101387,0
2025-02-13 08:05:17.850,2562,2229,1435,1682,1982,0,0.08101387,0
2025-02-13 08:05:18.079,2562,2229,1435,1682,1982,0,0.08101387,0
2025-02-13 08:05:18.581,2562,2229,1435,1682,1982,0,0.08101387,0
2025-02-13 08:05:19.080,2562,2229,1435,1682,1982,0,0.08101387,0
2025-02-13 08:05:19.579,2562,2229,1435,1682,1982,0,0.08101387,0
2025-02-13 08:05:20.583,2562,2229,1435,1682,1982,0,0.08101387,0
2025-02-13 08:05:21.088,2562,2229,1435,1682,1982,0,0.08101387,0
2025-02-13 08:05:21.586,2562,2229,1435,1682,1982,0,0.08101387,0
2025-02-13 08:05:22.855,2562,2229,1435,1682,1982,0,0.08101387,0
2025-02-13 08:05:23.090,2562,2229,1435,1682,1982,0,0.08101387,0
2025-02-13 08:05:23.586,2562,2229,1435,1682,1982,0,0.08101387,0
2025-02-13 08:05:24.084,2562,2229,1435,1682,1982,0,0.08101387,0
2025-02-13 08:05:24.828,2562,2229,1435,1682,1982,0,0.08101387,0
2025-02-13 08:05:25.082,2562,2229,1435,1682,1982,0,0.08101387,0
2025-02-13 08:05:25.351,2562,2229,1435,1682,1982,0,0.08101387,0
2025-02-13 08:05:25.582,2562,2229,1435,1682,1982,0,0.08101387,0
2025-02-13 08:05:27.581,2562,2229,1435,1682,1982,0,0.08101387,0
2025-02-13 08:05:27.851,2562,2229,1435,1682,1982,0,0.08101387,0
2025-02-13 08:05:28.383,2562,2229,1435,1682,1982,0,0.08101387,0
2025-02-13 08:05:28.850,2562,2229,1435,1682,1982,0,0.08101387,0
2025-02-13 08:05:30.085,2562,2229,1435,1682,1982,0,0.08101387,0
2025-02-13 08:05:30.586,2562,2229,1435,1682,1982,0,0.08101387,0
2025-02-13 08:05:31.095,2562,2229,1435,1682,1982,0,0.08101387,0
2025-02-13 08:05:31.856,2562,2229,1435,1682,1982,0,0.08101387,0
2025-02-13 08:05:32.078,2562,2229,1435,1682,1982,0,0.08101387,0
2025-02-13 08:05:32.580,2562,2229,1435,1682,1982,0,0.08101387,0
2025-02-13 08:05:32.830,2562,2229,1435,1682,1982,0,0.08101387,0
2025-02-13 08:05:35.097,2562,2229,1435,1682,1982,0,0.08101387,0
2025-02-13 08:05:35.356,2562,2229,1435,1682,1982,0,0.08101387,0
2025-02-13 08:05:37.076,2562,2229,1435,1682,1982,0,0.08101387,0
2025-02-13 08:05:37.576,2562,2229,1435,1682,1982,0,0.08101387,0
2025-02-13 08:05:37.852,2562,2229,1435,1682,1982,0,0.08101387,0
2025-02-13 08:05:41.582,2562,2229,1435,1682,1982,0,0.08101387,0
2025-02-13 08:05:42.852,2562,2229,1435,1682,1982,0,0.08101387,0
2025-02-13 08:05:44.080,2562,2229,1435,1682,1982,0,0.08101387,0
2025-02-13 08:05:44.579,2562,2229,1435,1682,1982,0,0.08101387,0
2025-02-13 08:05:45.077,2562,2229,1435,1682,1982,0,0.08101387,0
2025-02-13 08:05:46.084,2562,2229,1435,1682,1982,0,0.08101387,0
2025-02-13 08:05:47.849,2562,2229,1435,1682,1982,0,0.08101387,0
2025-02-13 08:05:48.077,2562,2229,1435,1682,1982,0,0.08101387,0
2025-02-13 08:05:50.575,2562,2229,1435,1682,1982,0,0.08101387,0
2025-02-13 08:05:51.073,2562,2229,1435,1682,1982,0,0.08101387,0
2025-02-13 08:05:51.350,2562,2229,1435,1682,1982,0,0.08101387,0
2025-02-13 08:05:51.579,2562,2229,1435,1682,1982,0,0.08101387,0
2025-02-13 08:05:52.850,2562,2229,1435,1682,1982,0,0.08101387,0
2025-02-13 08:05:53.076,2562,2229,1435,1682,1982,0,0.08101387,0
2025-02-13 08:05:54.350,2562,2229,1435,1682,1982,0,0.08101387,0
2025-02-13 08:05:55.086,2562,2229,1435,1682,1982,0,0.08101387,0
2025-02-13 08:05:55.589,2562,2229,1435,1682,1982,0,0.08101387,0
2025-02-13 08:05:57.575,2562,2229,1435,1682,1982,0,0.08101387,0
2025-02-13 08:05:57.823,2562,2229,1435,1682,1982,0,0.08101387,0
2025-02-13 08:05:58.077,2562,2229,1435,1682,1982,0,0.08101387,0
2025-02-13 08:05:59.593,2562,2229,1435,1682,1982,0,0.08101387,0
2025-02-13 08:06:00.089,2562,2229,1435,1682,1982,0,0.08101387,0
2025-02-13 08:06:01.086,2562,2229,1435,1682,1982,0,0.08101387,0
2025-02-13 08:06:01.587,2562,2229,1435,1682,1982,0,0.08101387,0
2025-02-13 08:06:02.853,2562,2229,1435,1682,1982,0,0.08101387,0
2025-02-13 08:06:03.077,2562,2229,1435,1682,1982,0,0.08101387,0
2025-02-13 08:06:04.089,2562,2229,1435,1682,1982,0,0.08101387,0
2025-02-13 08:06:04.864,2562,2229,1435,1682,1982,0,0.08101387,0
2025-02-13 08:06:05.092,2562,2229,1435,1682,1982,0,0.08101387,0
2025-02-13 08:06:05.593,2562,2229,1435,1682,1982,0,0.08101387,0
2025-02-13 08:06:07.614,2562,2229,1435,1682,1982,0,0.08101387,0
2025-02-13 08:06:07.864,2562,2229,1435,1682,1982,0,0.08101387,0
2025-02-13 08:06:08.584,2562,2229,1435,1682,1982,0,0.08101387,0
2025-02-13 08:06:09.085,2562,2229,1435,1682,1982,0,0.08101387,0
2025-02-13 08:06:09.355,2562,2229,1435,1682,1982,0,0.08101387,0
2025-02-13 08:06:10.592,2562,2229,1435,1682,1982,0,0.08101387,0
2025-02-13 08:06:11.083,2562,2229,1435,1682,1982,0,0.08101387,0
2025-02-13 08:06:12.822,2562,2229,1435,1682,1982,0,0.08101387,0
2025-02-13 08:06:13.573,2562,2229,1435,1682,1982,0,0.08101387,0
2025-02-13 08:06:14.082,2562,2229,1435,1682,1982,0,0.08101387,0
2025-02-13 08:06:15.078,2562,2229,1435,1682,1982,0,0.08101387,0
2025-02-13 08:06:16.070,2562,2229,1435,1682,1982,0,0.08101387,0
2025-02-13 08:06:16.573,2562,2229,1435,1682,1982,0,0.08101387,0
2025-02-13 08:06:17.073,2562,2229,1435,1682,1982,0,0.08101387,0
2025-02-13 08:06:17.823,2562,2229,1435,1682,1982,0,0.08101387,0
2025-02-13 08:06:19.389,2562,2229,1435,1682,1982,0,0.08101387,0
2025-02-13 08:06:19.632,2562,2229,1435,1682,1982,0,0.08101387,0
2025-02-13 08:06:20.358,2562,2229,1435,1682,1982,0,0.08101387,0
2025-02-13 08:06:21.080,2562,2229,1435,1682,1982,0,0.08101387,0
2025-02-13 08:06:21.856,2562,2229,1435,1682,1982,0,0.08101387,0
2025-02-13 08:06:22.074,2562,2229,1435,1682,1982,0,0.08101387,0
2025-02-13 08:06:22.574,2562,2229,1435,1682,1982,0,0.08101387,0
2025-02-13 08:06:22.854,2562,2229,1435,1682,1982,0,0.08101387,0
2025-02-13 08:06:23.077,2562,2229,1435,1682,1982,0,0.08101387,0
2025-02-13 08:06:25.076,2562,2229,1435,1682,1982,0,0.08101387,0
2025-02-13 08:06:25.352,2562,2229,1435,1682,1982,0,0.08101387,0
2025-02-13 08:06:26.357,2562,2229,1435,1682,1982,0,0.08101387,0
2025-02-13 08:06:27.583,2562,2229,1435,1682,1982,0,0.08101387,0
2025-02-13 08:06:27.823,2562,2229,1435,1682,1982,0,0.08101387,0
2025-02-13 08:06:29.594,2562,2229,1435,1682,1982,0,0.08101387,0
2025-02-13 08:06:30.353,2562,2229,1435,1682,1982,0,0.08101387,0
2025-02-13 08:06:30.583,2562,2229,1435,1682,1982,0,0.08101387,0
2025-02-13 08:06:31.085,2562,2229,1435,1682,1982,0,0.08101387,0
2025-02-13 08:06:32.083,2562,2229,1435,1682,1982,0,0.08101387,0
2025-02-13 08:06:32.831,2562,2229,1435,1682,1982,0,0.08101387,0
2025-02-13 08:06:33.081,2562,2229,1435,1682,1982,0,0.08101387,0
2025-02-13 08:06:33.602,2562,2229,1435,1682,1982,0,0.08101387,0
2025-02-13 08:06:33.859,2562,2229,1435,1682,1982,0,0.08101387,0
2025-02-13 08:06:35.846,2562,2229,1435,1682,1982,0,0.08101387,0
2025-02-13 08:06:36.082,2562,2229,1435,1682,1982,0,0.08101387,0
2025-02-13 08:06:37.834,2562,2229,1435,1682,1982,0,0.08101387,0
2025-02-13 08:06:39.081,2562,2229,1435,1682,1982,0,0.08101387,0
2025-02-13 08:06:41.596,2562,2229,1435,1682,1982,0,0.08101387,0
2025-02-13 08:06:42.874,2562,2229,1435,1682,1982,0,0.08101387,0
2025-02-13 08:06:43.102,2562,2229,1435,1682,1982,0,0.08101387,0
2025-02-13 08:06:43.590,2562,2229,1435,1682,1982,0,0.08101387,0
2025-02-13 08:06:44.364,2562,2229,1435,1682,1982,0,0.08101387,0
2025-02-13 08:06:45.081,2562,2229,1435,1682,1982,0,0.08101387,0
2025-02-13 08:06:45.850,2562,2229,1435,1682,1982,0,0.08101387,0
2025-02-13 08:06:47.827,2562,2229,1435,1682,1982,0,0.08101387,0
2025-02-13 08:06:51.090,2562,2229,1435,1682,1982,0,0.08101387,0
2025-02-13 08:06:52.092,2562,2229,1435,1682,1982,0,0.08101387,0
2025-02-13 08:06:52.350,2562,2229,1435,1682,1982,0,0.08101387,0
2025-02-13 08:06:52.582,2562,2229,1435,1682,1982,0,0.08101387,0
2025-02-13 08:06:52.832,2562,2229,1435,1682,1982,0,0.08101387,0
2025-02-13 08:06:53.080,2562,2229,1435,1682,1982,0,0.08101387,0
2025-02-13 08:06:55.828,2562,2229,1435,1682,1982,0,0.08101387,0
2025-02-13 08:06:57.866,2562,2229,1435,1682,1982,0,0.08101387,0
2025-02-13 08:06:59.580,2562,2229,1435,1682,1982,0,0.08101387,0
2025-02-13 08:07:01.831,2562,2229,1435,1682,1982,0,0.08101387,0
2025-02-13 08:07:02.079,2562,2229,1435,1682,1982,0,0.08101387,0
2025-02-13 08:07:02.857,2562,2229,1435,1682,1982,0,0.08101387,0
2025-02-13 08:07:03.079,2562,2229,1435,1682,1982,0,0.08101387,0
2025-02-13 08:07:04.076,2562,2229,1435,1682,1982,0,0.08101387,0
2025-02-13 08:07:04.328,2562,2229,1435,1682,1982,0,0.08101387,0
2025-02-13 08:07:07.827,2562,2229,1435,1682,1982,0,0.08101387,0
2025-02-13 08:07:09.580,2562,2229,1435,1682,1982,0,0.08101387,0
2025-02-13 08:07:09.856,2562,2229,1435,1682,1982,0,0.08101387,0
2025-02-13 08:07:11.627,2562,2229,1435,1682,1982,0,0.08101387,0
2025-02-13 08:07:12.327,2562,2229,1435,1682,1982,0,0.08101387,0
2025-02-13 08:07:12.580,2562,2229,1435,1682,1982,0,0.08101387,0
2025-02-13 08:07:12.823,2562,2229,1435,1682,1982,0,0.08101387,0
2025-02-13 08:07:17.828,2562,2229,1435,1682,1982,0,0.08101387,0
2025-02-13 08:07:18.573,2562,2229,1435,1682,1982,0,0.08101387,0
2025-02-13 08:07:19.576,2562,2229,1435,1682,1982,0,0.08101387,0
2025-02-13 08:07:19.826,2562,2229,1435,1682,1982,0,0.08101387,0
2025-02-13 08:07:21.579,2562,2229,1435,1682,1982,0,0.08101387,0
2025-02-13 08:07:22.081,2562,2229,1435,1682,1982,0,0.08101387,0
2025-02-13 08:07:22.575,2562,2229,1435,1682,1982,0,0.08101387,0
2025-02-13 08:07:22.824,2562,2229,1435,1682,1982,0,0.08101387,0
2025-02-13 08:07:27.856,2562,2229,1435,1682,1982,0,0.08101387,0
2025-02-13 08:07:28.088,2562,2229,1435,1682,1982,0,0.08101387,0
2025-02-13 08:07:29.862,2562,2229,1435,1682,1982,0,0.08101387,0
2025-02-13 08:07:32.849,2562,2229,1435,1682,1982,0,0.08101387,0
2025-02-13 08:07:33.081,2562,2229,1435,1682,1982,0,0.08101387,0
2025-02-13 08:07:33.582,2562,2229,1435,1682,1982,0,0.08101387,0
2025-02-13 08:07:36.826,2562,2229,1435,1682,1982,0,0.08101387,0
2025-02-13 08:07:37.826,2562,2229,1435,1682,1982,0,0.08101387,0
2025-02-13 08:07:39.079,2562,2229,1435,1682,1982,0,0.08101387,0
2025-02-13 08:07:42.075,2562,2229,1435,1682,1982,0,0.08101387,0
2025-02-13 08:07:42.855,2562,2229,1435,1682,1982,0,0.08101387,0
2025-02-13 08:07:48.082,2562,2229,1435,1682,1982,0,0.08101387,0
2025-02-13 08:07:48.825,2562,2229,1435,1682,1982,0,0.08101387,0
2025-02-13 08:07:49.882,2562,2229,1435,1682,1982,0,0.08101387,0
2025-02-13 08:07:50.093,2562,2229,1435,1682,1982,0,0.08101387,0
2025-02-13 08:07:50.615,2562,2229,1435,1682,1982,0,0.08101387,0
2025-02-13 08:07:51.082,2562,2229,1435,1682,1982,0,0.08101387,0
2025-02-13 08:07:53.075,2562,2229,1435,1682,1982,0,0.08101387,0
2025-02-13 08:07:54.820,2562,2229,1435,1682,1982,0,0.08101387,0
2025-02-13 08:07:55.576,2562,2229,1435,1682,1982,0,0.08101387,0
2025-02-13 08:07:58.074,2562,2229,1435,1682,1982,0,0.08101387,0
2025-02-13 08:08:00.572,2562,2229,1435,1682,1982,0,0.08101387,0
2025-02-13 08:08:00.820,2562,2229,1435,1682,1982,0,0.08101387,0
2025-02-13 08:08:01.079,2562,2229,1435,1682,1982,0,0.08101387,0
2025-02-13 08:08:01.574,2562,2229,1435,1682,1982,0,0.08101387,0
2025-02-13 08:08:02.075,2562,2229,1435,1682,1982,0,0.08101387,0
2025-02-13 08:08:02.322,2562,2229,1435,1682,1982,0,0.08101387,0
2025-02-13 08:08:03.072,2562,2229,1435,1682,1982,0,0.08101387,0
2025-02-13 08:08:05.574,2562,2229,1435,1682,1982,0,0.08101387,0
2025-02-13 08:08:06.323,2562,2229,1435,1682,1982,0,0.08101387,0
2025-02-13 08:08:07.596,2562,2229,1435,1682,1982,0,0.08101387,0
2025-02-13 08:08:08.068,2562,2229,1435,1682,1982,0,0.08101387,0
2025-02-13 08:08:09.319,2562,2229,1435,1682,1982,0,0.08101387,0
2025-02-13 08:08:09.571,2562,2229,1435,1682,1982,0,0.08101387,0
2025-02-13 08:08:11.570,2562,2229,1435,1682,1982,0,0.08101387,0
2025-02-13 08:08:12.850,2562,2229,1435,1682,1982,0,0.08101387,0
2025-02-13 08:08:13.073,2562,2229,1435,1682,1982,0,0.08101387,0
2025-02-13 08:08:18.105,2562,2229,1435,1682,1982,0,0.08101387,0
2025-02-13 08:08:20.074,2562,2229,1435,1682,1982,0,0.08101387,0
2025-02-13 08:08:20.573,2562,2229,1435,1682,1982,0,0.08101387,0
2025-02-13 08:08:21.069,2562,2229,1435,1682,1982,0,0.08101387,0
2025-02-13 08:08:21.323,2562,2229,1435,1682,1982,0,0.08101387,0
2025-02-13 08:08:22.322,2562,2229,1435,1682,1982,0,0.08101387,0
2025-02-13 08:08:23.068,2562,2229,1435,1682,1982,0,0.08101387,0
2025-02-13 08:08:23.318,2562,2229,1435,1682,1982,0,0.08101387,0
2025-02-13 08:08:25.073,2562,2229,1435,1682,1982,0,0.08101387,0
2025-02-13 08:08:27.067,2562,2229,1435,1682,1982,0,0.08101387,0
2025-02-13 08:08:27.317,2562,2229,1435,1682,1982,0,0.08101387,0
2025-02-13 08:08:27.571,2562,2229,1435,1682,1982,0,0.08101387,0
2025-02-13 08:08:27.822,2562,2229,1435,1682,1982,0,0.08101387,0
2025-02-13 08:08:28.072,2562,2229,1435,1682,1982,0,0.08101387,0
2025-02-13 08:08:31.594,2562,2229,1435,1682,1982,0,0.08101387,0
2025-02-13 08:08:32.079,2562,2229,1435,1682,1982,0,0.08101387,0
2025-02-13 08:08:33.591,2562,2229,1435,1682,1982,0,0.08101387,0
2025-02-13 08:08:34.087,2562,2229,1435,1682,1982,0,0.08101387,0
2025-02-13 08:08:34.580,2562,2229,1435,1682,1982,0,0.08101387,0
2025-02-13 08:08:35.350,2562,2229,1435,1682,1982,0,0.08101387,0
2025-02-13 08:08:36.077,2562,2229,1435,1682,1982,0,0.08101387,0
2025-02-13 08:08:37.077,2562,2229,1435,1682,1982,0,0.08101387,0
2025-02-13 08:08:38.326,2562,2229,1435,1682,1982,0,0.08101387,0
2025-02-13 08:08:38.858,2562,2229,1435,1682,1982,0,0.08101387,0
2025-02-13 08:08:39.846,2562,2229,1435,1682,1982,0,0.08101387,0
2025-02-13 08:08:40.829,2562,2229,1435,1682,1982,0,0.08101387,0
2025-02-13 08:08:42.824,2562,2229,1435,1682,1982,0,0.08101387,0
2025-02-13 08:08:43.076,2562,2229,1435,1682,1982,0,0.08101387,0
2025-02-13 08:08:45.585,2562,2229,1435,1682,1982,0,0.08101387,0
2025-02-13 08:08:47.078,2562,2229,1435,1682,1982,0,0.08101387,0
2025-02-13 08:08:50.825,2562,2229,1435,1682,1982,0,0.08101387,0
2025-02-13 08:08:51.076,2562,2229,1435,1682,1982,0,0.08101387,0
2025-02-13 08:08:52.075,2562,2229,1435,1682,1982,0,0.08101387,0
2025-02-13 08:08:53.849,2562,2229,1435,1682,1982,0,0.08101387,0
2025-02-13 08:08:56.858,2562,2229,1435,1682,1982,0,0.08101387,0
2025-02-13 08:08:58.076,2562,2229,1435,1682,1982,0,0.08101387,0
2025-02-13 08:08:59.077,2562,2229,1435,1682,1982,0,0.08101387,0
2025-02-13 08:09:00.075,2562,2229,1435,1682,1982,0,0.08101387,0
2025-02-13 08:09:00.325,2562,2229,1435,1682,1982,0,0.08101387,0
2025-02-13 08:09:00.579,2562,2229,1435,1682,1982,0,0.08101387,0
2025-02-13 08:09:00.824,2562,2229,1435,1682,1982,0,0.08101387,0
2025-02-13 08:09:01.078,2562,2229,1435,1682,1982,0,0.08101387,0
2025-02-13 08:09:01.326,2562,2229,1435,1682,1982,0,0.08101387,0
2025-02-13 08:09:02.075,2562,2229,1435,1682,1982,0,0.08101387,0
2025-02-13 08:09:03.078,2562,2229,1435,1682,1982,0,0.08101387,0
2025-02-13 08:09:03.576,2562,2229,1435,1682,1982,0,0.08101387,0
2025-02-13 08:09:07.075,2562,2229,1435,1682,1982,0,0.08101387,0
2025-02-13 08:09:11.078,2562,2229,1435,1682,1982,0,0.08101387,0
2025-02-13 08:09:13.079,2562,2229,1435,1682,1982,0,0.08101387,0
2025-02-13 08:09:13.577,2562,2229,1435,1682,1982,0,0.08101387,0
2025-02-13 08:09:15.076,2562,2229,1435,1682,1982,0,0.08101387,0
2025-02-13 08:09:17.075,2562,2229,1435,1682,1982,0,0.08101387,0
2025-02-13 08:09:19.326,2562,2229,1435,1682,1982,0,0.08101387,0
2025-02-13 08:09:19.575,2562,2229,1435,1682,1982,0,0.08101387,0
2025-02-13 08:09:19.825,2562,2229,1435,1682,1982,0,0.08101387,0
2025-02-13 08:09:20.075,2562,2229,1435,1682,1982,0,0.08101387,0
2025-02-13 08:09:20.847,2562,2229,1435,1682,1982,0,0.08101387,0
2025-02-13 08:09:21.853,2562,2229,1435,1682,1982,0,0.08101387,0
2025-02-13 08:09:22.847,2562,2229,1435,1682,1982,0,0.08101387,0
2025-02-13 08:09:23.572,2562,2229,1435,1682,1982,0,0.08101387,0
2025-02-13 08:09:24.575,2562,2229,1435,1682,1982,0,0.08101387,0
2025-02-13 08:09:25.821,2562,2229,1435,1682,1982,0,0.08101387,0
2025-02-13 08:09:26.078,2562,2229,1435,1682,1982,0,0.08101387,0
2025-02-13 08:09:26.325,2562,2229,1435,1682,1982,0,0.08101387,0
2025-02-13 08:09:26.573,2562,2229,1435,1682,1982,0,0.08101387,0
2025-02-13 08:09:28.075,2562,2229,1435,1682,1982,0,0.08101387,0
2025-02-13 08:09:28.585,2562,2229,1435,1682,1982,0,0.08101387,0
2025-02-13 08:09:30.842,2562,2229,1435,1682,1982,0,0.08101387,0
2025-02-13 08:09:31.097,2562,2229,1435,1682,1982,0,0.08101387,0
2025-02-13 08:09:31.328,2562,2229,1435,1682,1982,0,0.08101387,0
2025-02-13 08:09:31.579,2562,2229,1435,1682,1982,0,0.08101387,0
2025-02-13 08:09:32.320,2562,2229,1435,1682,1982,0,0.08101387,0
2025-02-13 08:09:33.076,2562,2229,1435,1682,1982,0,0.08101387,0
2025-02-13 08:09:33.358,2562,2229,1435,1682,1982,0,0.08101387,0
2025-02-13 08:09:33.845,2562,2229,1435,1682,1982,0,0.08101387,0
2025-02-13 08:09:34.325,2562,2229,1435,1682,1982,0,0.08101387,0
2025-02-13 08:09:34.818,2562,2229,1435,1682,1982,0,0.08101387,0
2025-02-13 08:09:36.077,2562,2229,1435,1682,1982,0,0.08101387,0
2025-02-13 08:09:36.348,2562,2229,1435,1682,1982,0,0.08101387,0
2025-02-13 08:09:36.821,2562,2229,1435,1682,1982,0,0.08101387,0
2025-02-13 08:09:37.822,2562,2229,1435,1682,1982,0,0.08101387,0
2025-02-13 08:09:40.573,2562,2229,1435,1682,1982,0,0.08101387,0
2025-02-13 08:09:44.823,2562,2229,1435,1682,1982,0,0.08101387,0
2025-02-13 08:09:46.349,2562,2229,1435,1682,1982,0,0.08101387,0
2025-02-13 08:09:47.082,2562,2229,1435,1682,1982,0,0.08101387,0
2025-02-13 08:09:48.074,2562,2229,1435,1682,1982,0,0.08101387,0
2025-02-13 08:09:48.320,2562,2229,1435,1682,1982,0,0.08101387,0
2025-02-13 08:09:50.816,2562,2229,1435,1682,1982,0,0.08101387,0
2025-02-13 08:09:52.071,2562,2229,1435,1682,1982,0,0.08101387,0
2025-02-13 08:09:52.568,2562,2229,1435,1682,1982,0,0.08101387,0
2025-02-13 08:09:53.569,2562,2229,1435,1682,1982,0,0.08101387,0
2025-02-13 08:09:54.072,2562,2229,1435,1682,1982,0,0.08101387,0
2025-02-13 08:09:57.819,2562,2229,1435,1682,1982,0,0.08101387,0
2025-02-13 08:10:01.112,2562,2229,1435,1682,1982,0,0.08101387,0
2025-02-13 08:10:01.823,2562,2229,1435,1682,1982,0,0.08101387,0
2025-02-13 08:10:02.070,2562,2229,1435,1682,1982,0,0.08101387,0
2025-02-13 08:10:02.848,2562,2229,1435,1682,1982,0,0.08101387,0
2025-02-13 08:10:03.071,2562,2229,1435,1682,1982,0,0.08101387,0
2025-02-13 08:10:05.068,2562,2229,1435,1682,1982,0,0.08101387,0
2025-02-13 08:10:07.848,2562,2229,1435,1682,1982,0,0.08101387,0
2025-02-13 08:10:08.074,2562,2229,1435,1682,1982,0,0.08101387,0
2025-02-13 08:10:10.316,2562,2229,1435,1682,1982,0,0.08101387,0
2025-02-13 08:10:11.817,2562,2229,1435,1682,1982,0,0.08101387,0
2025-02-13 08:10:13.072,2562,2229,1435,1682,1982,0,0.08101387,0
2025-02-13 08:10:14.067,2562,2229,1435,1682,1982,0,0.08101387,0
2025-02-13 08:10:19.846,2562,2229,1435,1682,1982,0,0.08101387,0
2025-02-13 08:10:22.344,2562,2229,1435,1682,1982,0,0.08101387,0
2025-02-13 08:10:25.314,2562,2229,1435,1682,1982,0,0.08101387,0
2025-02-13 08:10:26.312,2562,2229,1435,1682,1982,0,0.08101387,0
2025-02-13 08:10:26.819,2562,2229,1435,1682,1982,0,0.08101387,0
2025-02-13 08:10:27.819,2562,2229,1435,1682,1982,0,0.08101387,0
2025-02-13 08:10:28.567,2562,2229,1435,1682,1982,0,0.08101387,0
2025-02-13 08:10:30.096,2562,2229,1435,1682,1982,0,0.08101387,0
2025-02-13 08:10:30.359,2562,2229,1435,1682,1982,0,0.08101387,0
2025-02-13 08:10:30.584,2562,2229,1435,1682,1982,0,0.08101387,0
2025-02-13 08:10:31.087,2562,2229,1435,1682,1982,0,0.08101387,0
2025-02-13 08:10:31.828,2562,2229,1435,1682,1982,0,0.08101387,0
2025-02-13 08:10:32.086,2562,2229,1435,1682,1982,0,0.08101387,0
2025-02-13 08:10:33.075,2562,2229,1435,1682,1982,0,0.08101387,0
2025-02-13 08:10:33.349,2562,2229,1435,1682,1982,0,0.08101387,0
2025-02-13 08:10:33.859,2562,2229,1435,1682,1982,0,0.08101387,0
2025-02-13 08:10:34.092,2562,2229,1435,1682,1982,0,0.08101387,0
2025-02-13 08:10:34.331,2562,2229,1435,1682,1982,0,0.08101387,0
2025-02-13 08:10:34.579,2562,2229,1435,1682,1982,0,0.08101387,0
2025-02-13 08:10:35.326,2562,2229,1435,1682,1982,0,0.08101387,0
2025-02-13 08:10:35.575,2562,2229,1435,1682,1982,0,0.08101387,0
2025-02-13 08:10:36.590,2562,2229,1435,1682,1982,0,0.08101387,0
2025-02-13 08:10:37.326,2562,2229,1435,1682,1982,0,0.08101387,0
2025-02-13 08:10:37.848,2562,2229,1435,1682,1982,0,0.08101387,0
2025-02-13 08:10:40.079,2562,2229,1435,1682,1982,0,0.08101387,0
2025-02-13 08:10:40.578,2562,2229,1435,1682,1982,0,0.08101387,0
2025-02-13 08:10:42.092,2562,2229,1435,1682,1982,0,0.08101387,0
2025-02-13 08:10:43.874,2562,2229,1435,1682,1982,0,0.08101387,0
2025-02-13 08:10:44.361,2562,2229,1435,1682,1982,0,0.08101387,0
2025-02-13 08:10:45.348,2562,2229,1435,1682,1982,0,0.08101387,0
2025-02-13 08:10:50.329,2562,2229,1435,1682,1982,0,0.08101387,0
2025-02-13 08:10:53.823,2562,2229,1435,1682,1982,0,0.08101387,0
2025-02-13 08:10:55.825,2562,2229,1435,1682,1982,0,0.08101387,0
2025-02-13 08:10:59.073,2562,2229,1435,1682,1982,0,0.08101387,0
2025-02-13 08:11:01.095,2562,2229,1435,1682,1982,0,0.08101387,0
2025-02-13 08:11:01.590,2562,2229,1435,1682,1982,0,0.08101387,0
2025-02-13 08:11:02.580,2562,2229,1435,1682,1982,0,0.08101387,0
2025-02-13 08:11:03.078,2562,2229,1435,1682,1982,0,0.08101387,0
2025-02-13 08:11:03.575,2562,2229,1435,1682,1982,0,0.08101387,0
2025-02-13 08:11:11.576,2562,2229,1435,1682,1982,0,0.08101387,0
2025-02-13 08:11:11.823,2562,2229,1435,1682,1982,0,0.08101387,0
2025-02-13 08:11:13.583,2562,2229,1435,1682,1982,0,0.08101387,0
2025-02-13 08:11:14.073,2562,2229,1435,1682,1982,0,0.08101387,0
2025-02-13 08:11:16.847,2562,2229,1435,1682,1982,0,0.08101387,0
2025-02-13 08:11:17.076,2562,2229,1435,1682,1982,0,0.08101387,0
2025-02-13 08:11:17.573,2562,2229,1435,1682,1982,0,0.08101387,0
2025-02-13 08:11:17.848,2562,2229,1435,1682,1982,0,0.08101387,0
2025-02-13 08:11:19.365,2562,2229,1435,1682,1982,0,0.08101387,0
2025-02-13 08:11:19.611,2562,2229,1435,1682,1982,0,0.08101387,0
2025-02-13 08:11:20.078,2562,2229,1435,1682,1982,0,0.08101387,0
2025-02-13 08:11:21.082,2562,2229,1435,1682,1982,0,0.08101387,0
2025-02-13 08:11:21.322,2562,2229,1435,1682,1982,0,0.08101387,0
2025-02-13 08:11:22.849,2562,2229,1435,1682,1982,0,0.08101387,0
2025-02-13 08:11:23.578,2562,2229,1435,1682,1982,0,0.08101387,0
2025-02-13 08:11:24.844,2562,2229,1435,1682,1982,0,0.08101387,0
2025-02-13 08:11:33.571,2562,2229,1435,1682,1982,0,0.08101387,0
2025-02-13 08:11:41.317,2562,2229,1435,1682,1982,0,0.08101387,0
2025-02-13 08:11:42.067,2562,2229,1435,1682,1982,0,0.08101387,0
2025-02-13 08:11:43.317,2562,2229,1435,1682,1982,0,0.08101387,0
2025-02-13 08:11:43.566,2562,2229,1435,1682,1982,0,0.08101387,0
2025-02-13 08:11:47.069,2562,2229,1435,1682,1982,0,0.08101387,0
2025-02-13 08:11:47.815,2562,2229,1435,1682,1982,0,0.08101387,0
2025-02-13 08:11:48.314,2562,2229,1435,1682,1982,0,0.08101387,0
2025-02-13 08:11:48.567,2562,2229,1435,1682,1982,0,0.08101387,0
2025-02-13 08:11:49.565,2562,2229,1435,1682,1982,0,0.08101387,0
2025-02-13 08:11:54.342,2562,2229,1435,1682,1982,0,0.08101387,0
2025-02-13 08:11:55.066,2562,2229,1435,1682,1982,0,0.08101387,0
2025-02-13 08:11:56.862,2562,2229,1435,1682,1982,0,0.08101387,0
2025-02-13 08:12:00.106,2562,2229,1435,1682,1982,0,0.08101387,0
2025-02-13 08:12:02.073,2562,2229,1435,1682,1982,0,0.08101387,0
2025-02-13 08:12:04.075,2562,2229,1435,1682,1982,0,0.08101387,0
2025-02-13 08:12:11.358,2562,2229,1435,1682,1982,0,0.08101387,0
2025-02-13 08:12:12.575,2562,2229,1435,1682,1982,0,0.08101387,0
2025-02-13 08:12:22.354,2562,2229,1435,1682,1982,0,0.08101387,0
2025-02-13 08:12:23.067,2562,2229,1435,1682,1982,0,0.08101387,0
2025-02-13 08:12:28.815,2562,2229,1435,1682,1982,0,0.08101387,0
2025-02-13 08:12:29.064,2562,2229,1435,1682,1982,0,0.08101387,0
2025-02-13 08:12:30.078,2562,2229,1435,1682,1982,0,0.08101387,0
2025-02-13 08:12:30.347,2562,2229,1435,1682,1982,0,0.08101387,0
2025-02-13 08:12:31.081,2562,2229,1435,1682,1982,0,0.08101387,0
2025-02-13 08:12:33.574,2562,2229,1435,1682,1982,0,0.08101387,0
2025-02-13 08:12:36.075,2562,2229,1435,1682,1982,0,0.08101387,0
2025-02-13 08:12:36.572,2562,2229,1435,1682,1982,0,0.08101387,0
2025-02-13 08:12:38.073,2562,2229,1435,1682,1982,0,0.08101387,0
2025-02-13 08:12:38.823,2562,2229,1435,1682,1982,0,0.08101387,0
2025-02-13 08:12:42.076,2562,2229,1435,1682,1982,0,0.08101387,0
2025-02-13 08:12:42.573,2562,2229,1435,1682,1982,0,0.08101387,0
2025-02-13 08:12:43.074,2562,2229,1435,1682,1982,0,0.08101387,0
2025-02-13 08:12:45.085,2562,2229,1435,1682,1982,0,0.08101387,0
2025-02-13 08:12:46.349,2562,2229,1435,1682,1982,0,0.08101387,0
2025-02-13 08:12:47.844,2562,2229,1435,1682,1982,0,0.08101387,0
2025-02-13 08:12:49.323,2562,2229,1435,1682,1982,0,0.08101387,0
2025-02-13 08:12:50.821,2562,2229,1435,1682,1982,0,0.08101387,0
2025-02-13 08:12:52.073,2562,2229,1435,1682,1982,0,0.08101387,0
2025-02-13 08:13:01.832,2562,2229,1435,1682,1982,0,0.08101387,0
2025-02-13 08:13:04.077,2562,2229,1435,1682,1982,0,0.08101387,0
2025-02-13 08:13:04.573,2562,2229,1435,1682,1982,0,0.08101387,0
2025-02-13 08:13:05.075,2562,2229,1435,1682,1982,0,0.08101387,0
2025-02-13 08:13:07.079,2562,2229,1435,1682,1982,0,0.08101387,0
2025-02-13 08:13:08.101,2562,2229,1435,1682,1982,0,0.08101387,0
2025-02-13 08:13:09.078,2562,2229,1435,1682,1982,0,0.08101387,0
2025-02-13 08:13:10.078,2562,2229,1435,1682,1982,0,0.08101387,0
2025-02-13 08:13:10.344,2562,2229,1435,1682,1982,0,0.08101387,0
2025-02-13 08:13:10.823,2562,2229,1435,1682,1982,0,0.08101387,0
2025-02-13 08:13:14.074,2562,2229,1435,1682,1982,0,0.08101387,0
2025-02-13 08:13:17.069,2562,2229,1435,1682,1982,0,0.08101387,0
2025-02-13 08:13:20.347,2562,2229,1435,1682,1982,0,0.08101387,0
2025-02-13 08:13:21.819,2562,2229,1435,1682,1982,0,0.08101387,0
2025-02-13 08:13:24.569,2562,2229,1435,1682,1982,0,0.08101387,0
2025-02-13 08:13:29.573,2562,2229,1435,1682,1982,0,0.08101387,0
2025-02-13 08:13:35.077,2562,2229,1435,1682,1982,0,0.08101387,0
2025-02-13 08:13:35.571,2562,2229,1435,1682,1982,0,0.08101387,0
2025-02-13 08:13:37.073,2562,2229,1435,1682,1982,0,0.08101387,0
2025-02-13 08:13:38.570,2562,2229,1435,1682,1982,0,0.08101387,0
2025-02-13 08:13:39.069,2562,2229,1435,1682,1982,0,0.08101387,0
2025-02-13 08:13:39.819,2562,2229,1435,1682,1982,0,0.08101387,0
2025-02-13 08:13:57.568,2562,2229,1435,1682,1982,0,0.08101387,0
2025-02-13 08:13:58.076,2562,2229,1435,1682,1982,0,0.08101387,0
2025-02-13 08:13:58.572,2562,2229,1435,1682,1982,0,0.08101387,0
2025-02-13 08:13:59.070,2562,2229,1435,1682,1982,0,0.08101387,0
2025-02-13 08:14:10.877,2562,2229,1435,1682,1982,0,0.08101387,0
2025-02-13 08:14:11.087,2562,2229,1435,1682,1982,0,0.08101387,0
2025-02-13 08:14:11.354,2562,2229,1435,1682,1982,0,0.08101387,0
2025-02-13 08:14:11.575,2562,2229,1435,1682,1982,0,0.08101387,0
2025-02-13 08:14:12.078,2562,2229,1435,1682,1982,0,0.08101387,0
2025-02-13 08:14:13.580,2562,2229,1435,1682,1982,0,0.08101387,0
2025-02-13 08:14:14.077,2562,2229,1435,1682,1982,0,0.08101387,0
2025-02-13 08:14:14.569,2562,2229,1435,1682,1982,0,0.08101387,0
2025-02-13 08:14:19.348,2562,2229,1435,1682,1982,0,0.08101387,0
2025-02-13 08:14:21.065,2562,2229,1435,1682,1982,0,0.08101387,0
2025-02-13 08:14:22.849,2562,2229,1435,1682,1982,0,0.08101387,0
2025-02-13 08:14:23.816,2562,2229,1435,1682,1982,0,0.08101387,0
2025-02-13 08:14:25.572,2562,2229,1435,1682,1982,0,0.08101387,0
2025-02-13 08:14:25.854,2562,2229,1435,1682,1982,0,0.08101387,0
2025-02-13 08:14:27.064,2562,2229,1435,1682,1982,0,0.08101387,0
2025-02-13 08:14:27.815,2562,2229,1435,1682,1982,0,0.08101387,0
2025-02-13 08:14:29.821,2562,2229,1435,1682,1982,0,0.08101387,0
2025-02-13 08:14:30.613,2562,2229,1435,1682,1982,0,0.08101387,0
2025-02-13 08:14:32.081,2562,2229,1435,1682,1982,0,0.08101387,0
2025-02-13 08:14:32.575,2562,2229,1435,1682,1982,0,0.08101387,0
2025-02-13 08:14:33.325,2562,2229,1435,1682,1982,0,0.08101387,0
2025-02-13 08:14:37.084,2562,2229,1435,1682,1982,0,0.08101387,0
2025-02-13 08:14:45.342,2562,2229,1435,1682,1982,0,0.08101387,0
2025-02-13 08:14:45.578,2562,2229,1435,1682,1982,0,0.08101387,0
2025-02-13 08:14:46.573,2562,2229,1435,1682,1982,0,0.08101387,0
2025-02-13 08:14:47.077,2562,2229,1435,1682,1982,0,0.08101387,0
2025-02-13 08:14:49.077,2562,2229,1435,1682,1982,0,0.08101387,0
2025-02-13 08:14:49.575,2562,2229,1435,1682,1982,0,0.08101387,0
2025-02-13 08:14:51.573,2562,2229,1435,1682,1982,0,0.08101387,0
2025-02-13 08:14:52.081,2562,2229,1435,1682,1982,0,0.08101387,0
2025-02-13 08:14:52.328,2562,2229,1435,1682,1982,0,0.08101387,0
2025-02-13 08:14:52.582,2562,2229,1435,1682,1982,0,0.08101387,0
2025-02-13 08:14:53.587,2562,2229,1435,1682,1982,0,0.08101387,0
2025-02-13 08:14:53.850,2562,2229,1435,1682,1982,0,0.08101387,0
2025-02-13 08:14:55.076,2562,2229,1435,1682,1982,0,0.08101387,0
2025-02-13 08:14:56.348,2562,2229,1435,1682,1982,0,0.08101387,0
2025-02-13 08:14:59.344,2562,2229,1435,1682,1982,0,0.08101387,0
2025-02-13 08:15:00.328,2562,2229,1435,1682,1982,0,0.08101387,0
2025-02-13 08:15:00.582,2562,2229,1435,1682,1982,0,0.08101387,0
2025-02-13 08:15:01.074,2562,2229,1435,1682,1982,0,0.08101387,0
2025-02-13 08:15:01.579,2562,2230,1435,1683,1982,0,0.08101387,0
2025-02-13 08:15:02.074,2562,2232,1436,1686,1982,0,0.08100517,0
2025-02-13 08:15:03.072,2562,2233,1436,1687,1982,0,0.0810729,0
2025-02-13 08:15:04.084,2562,2233,1437,1688,1982,0,0.0811224,0
2025-02-13 08:15:07.071,2562,2234,1438,1690,1982,0,0.081269205,0
2025-02-13 08:15:09.576,2562,2234,1439,1691,1982,0,0.08142099,0
2025-02-13 08:15:10.075,2562,2235,1439,1692,1982,0,0.081614494,0
2025-02-13 08:15:10.321,2562,2246,1440,1704,1982,0,0.08174544,0
2025-02-13 08:15:10.573,2562,2248,1440,1706,1982,0,0.081855185,0
2025-02-13 08:15:11.574,2562,2248,1444,1710,1982,0,0.08213666,0
2025-02-13 08:15:11.832,2562,2248,1445,1711,1982,0,0.08276655,0
2025-02-13 08:15:12.075,2562,2248,1446,1712,1982,0,0.0832582,0
2025-02-13 08:15:14.820,2562,2249,1446,1713,1982,0,0.08371624,0
2025-02-13 08:15:16.604,2562,2249,1446,1713,1982,0,0.084098406,0
2025-02-13 08:15:17.576,2562,2250,1446,1714,1982,0,0.08447821,0
2025-02-13 08:15:17.847,2562,2250,1447,1715,1982,0,0.08483775,0
2025-02-13 08:15:18.072,2562,2251,1447,1716,1982,0,0.08530288,0
2025-02-13 08:15:20.073,2562,2252,1448,1718,1982,0,0.0857111,0
2025-02-13 08:15:20.323,2562,2257,1448,1720,1985,0,0.08602534,0
2025-02-13 08:15:23.569,2562,2257,1449,1721,1985,0,0.085384846,0
2025-02-13 08:15:24.071,2562,2257,1449,1721,1985,0,0.08546309,0
2025-02-13 08:15:25.392,2559,1673,2286,2314,1645,1,0.085448325,0
2025-02-13 08:15:25.858,2559,1674,2286,2314,1646,0,0.82056355,0
2025-02-13 08:15:26.078,2559,1675,2286,2314,1647,0,0.79975367,0
2025-02-13 08:15:27.337,2559,1675,2289,2314,1650,0,0.76116943,0
2025-02-13 08:15:28.338,2559,1676,2289,2314,1651,0,0.71024024,0
2025-02-13 08:15:29.568,2559,1677,2289,2314,1652,0,0.66357464,0
2025-02-13 08:15:30.069,2559,1678,2289,2314,1653,0,0.61981213,0
2025-02-13 08:15:31.569,2559,1679,2289,2314,1654,0,0.5788144,0
2025-02-13 08:15:32.070,2559,1679,2290,2315,1654,0,0.5401365,0
2025-02-13 08:15:32.569,2559,1679,2291,2315,1655,0,0.5137205,0
2025-02-13 08:15:34.071,2559,1681,2291,2315,1657,0,0.48004633,0
2025-02-13 08:15:38.570,2559,1682,2292,2316,1658,0,0.48026818,0
2025-02-13 08:15:38.839,2559,1689,2295,2326,1658,0,0.48026267,0
2025-02-13 08:15:40.086,2559,1691,2295,2328,1658,0,0.47946388,0
2025-02-13 08:15:44.568,2559,1692,2295,2328,1659,0,0.4791898,0
2025-02-13 08:15:46.817,2559,1693,2295,2329,1659,0,0.4791081,0
2025-02-13 08:15:50.579,2559,1694,2295,2330,1659,0,0.47888044,0
2025-02-13 08:15:51.321,2559,1695,2295,2330,1660,0,0.47864303,0
2025-02-13 08:15:54.320,2559,1695,2296,2331,1660,0,0.47851107,0
2025-02-13 08:16:03.073,2559,1861,2351,2552,1660,0,0.47820276,0
2025-02-13 08:16:03.348,2559,1863,2356,2552,1667,0,0.46171725,0
2025-02-13 08:16:04.068,2559,1865,2356,2552,1669,0,0.45890385,0
2025-02-13 08:16:05.072,2559,1866,2356,2553,1669,0,0.45602605,0
2025-02-13 08:16:07.065,2559,1867,2356,2554,1669,0,0.45305932,0
2025-02-13 08:16:07.566,2559,1868,2356,2554,1670,0,0.4502558,0
2025-02-13 08:16:11.812,2559,1869,2356,2554,1671,0,0.4472677,0
2025-02-13 08:16:12.066,2559,1872,2356,2557,1671,0,0.44448468,0
2025-02-13 08:16:18.071,2559,1873,2356,2558,1671,0,0.44147205,0
2025-02-13 08:16:21.310,2559,1876,2367,2558,1685,0,0.43904462,0
2025-02-13 08:16:22.568,2559,1877,2367,2558,1686,0,0.4356681,0
2025-02-13 08:16:23.840,2559,1878,2368,2560,1686,0,0.4357866,0
2025-02-13 08:16:25.315,2559,1879,2369,2562,1686,0,0.43561733,0
2025-02-13 08:16:28.070,2559,1879,2370,2562,1687,0,0.43535498,0
2025-02-13 08:16:33.602,2559,1880,2370,2562,1688,0,0.43522957,0
2025-02-13 08:16:35.074,2559,1881,2370,2562,1689,0,0.43521717,0
2025-02-13 08:16:38.097,2559,1882,2370,2562,1690,0,0.4352029,0
2025-02-13 08:16:39.082,2559,1883,2371,2564,1690,0,0.4351696,0
2025-02-13 08:16:46.077,2559,1884,2371,2564,1691,0,0.43486568,0
2025-02-13 08:16:46.824,2559,1885,2371,2565,1691,0,0.43491697,0
2025-02-13 08:16:47.092,2559,1886,2371,2565,1692,0,0.4348201,0
2025-02-13 08:16:48.575,2559,1888,2371,2567,1692,0,0.4348262,0
2025-02-13 08:16:48.823,2559,1889,2371,2568,1692,0,0.43468565,0
2025-02-13 08:16:52.571,2559,1893,2371,2572,1692,0,0.43460763,0
2025-02-13 08:16:53.838,2559,1894,2371,2573,1692,0,0.43439123,0
2025-02-13 08:16:55.862,2559,1895,2371,2574,1692,0,0.4342603,0
2025-02-13 08:16:57.076,2559,1897,2371,2575,1693,0,0.43412784,0
2025-02-13 08:16:57.339,2559,1897,2372,2576,1693,0,0.43404523,0
2025-02-13 08:16:58.319,2559,1897,2373,2577,1693,0,0.43386486,0
2025-02-13 08:16:58.568,2559,1897,2374,2578,1693,0,0.43363893,0
2025-02-13 08:16:59.576,2559,1897,2375,2578,1694,0,0.43341944,0
2025-02-13 08:17:00.341,2559,1897,2376,2579,1694,0,0.43328822,0
2025-02-13 08:17:02.082,2559,1897,2384,2579,1702,0,0.43305984,0
2025-02-13 08:17:02.575,2559,1898,2384,2579,1703,0,0.43308598,0
2025-02-13 08:17:02.845,2559,1899,2385,2580,1704,0,0.4330721,0
2025-02-13 08:17:03.076,2559,1900,2385,2580,1705,0,0.43293512,0
2025-02-13 08:17:04.818,2559,1902,2385,2580,1707,0,0.43289366,0
2025-02-13 08:17:07.067,2559,1903,2385,2581,1707,0,0.43292806,0
2025-02-13 08:17:08.102,2559,1905,2385,2583,1707,0,0.4328069,0
2025-02-13 08:17:08.337,2559,1905,2386,2583,1708,0,0.43262807,0
2025-02-13 08:17:12.072,2559,1907,2386,2585,1708,0,0.43257225,0
2025-02-13 08:17:12.588,2559,1911,2386,2589,1708,0,0.4323619,0
2025-02-13 08:17:14.847,2559,1913,2386,2591,1708,0,0.43214396,0
2025-02-13 08:17:17.568,2559,1914,2386,2591,1709,0,0.43197274,0
2025-02-13 08:17:17.839,2559,1914,2387,2592,1709,0,0.43194738,0
2025-02-13 08:17:18.071,2559,1916,2387,2594,1709,0,0.4317606,0
2025-02-13 08:17:18.568,2559,1918,2387,2596,1709,0,0.43157408,0
2025-02-13 08:17:20.338,2559,1919,2387,2597,1709,0,0.43134093,0
2025-02-13 08:17:22.073,2559,1927,2398,2597,1728,0,0.431129,0
2025-02-13 08:17:30.579,2559,1931,2398,2601,1728,0,0.43191847,0
2025-02-13 08:17:34.345,2559,1933,2398,2603,1728,0,0.43171138,0
2025-02-13 08:17:36.073,2559,1934,2398,2603,1729,0,0.4314942,0
2025-02-13 08:17:39.067,2559,1936,2398,2605,1729,0,0.43143106,0
2025-02-13 08:17:46.063,2559,1944,2401,2608,1737,0,0.4312125,0
2025-02-13 08:17:46.314,2559,1945,2401,2609,1737,0,0.43145514,0
2025-02-13 08:17:47.065,2559,1947,2401,2609,1739,0,0.43131965,0
2025-02-13 08:17:48.071,2559,1948,2401,2610,1739,0,0.43138316,0
2025-02-13 08:17:48.317,2559,1948,2402,2611,1739,0,0.43117127,0
2025-02-13 08:17:48.563,2559,1949,2403,2613,1739,0,0.43107513,0
2025-02-13 08:17:50.066,2559,1949,2404,2614,1739,0,0.43081623,0
2025-02-13 08:17:51.346,2559,1949,2405,2615,1739,0,0.43059757,0
2025-02-13 08:17:52.068,2559,1949,2407,2617,1739,0,0.43040362,0
2025-02-13 08:17:54.068,2559,1954,2407,2621,1740,0,0.43002582,0
2025-02-13 08:17:54.313,2559,1958,2408,2625,1741,0,0.42980865,0
2025-02-13 08:17:54.568,2559,2017,2433,2678,1772,0,0.4294608,0
2025-02-13 08:17:54.815,2559,2018,2433,2678,1773,0,0.42785308,0
2025-02-13 08:17:55.068,2559,2020,2434,2678,1776,0,0.4272563,0
2025-02-13 08:17:57.338,2559,2020,2434,2678,1776,0,0.42673343,0
2025-02-13 08:17:57.566,2559,2021,2434,2678,1777,0,0.4260175,0
2025-02-13 08:17:58.064,2559,2021,2444,2684,1781,0,0.4253678,0
2025-02-13 08:17:58.315,2559,2022,2444,2684,1782,0,0.42417604,0
2025-02-13 08:17:58.572,2559,2067,2445,2716,1796,0,0.42349014,0
2025-02-13 08:17:58.848,2559,2067,2447,2718,1796,0,0.42251596,0
2025-02-13 08:17:59.072,2559,2067,2449,2719,1797,0,0.4214172,0
2025-02-13 08:18:00.316,2559,2067,2450,2719,1798,0,0.42044726,0
2025-02-13 08:18:00.567,2559,2088,2459,2725,1822,0,0.42013198,0
2025-02-13 08:18:00.840,2559,2102,2464,2730,1836,0,0.42106444,0
2025-02-13 08:18:02.065,2559,2104,2464,2730,1838,0,0.4215618,0
2025-02-13 08:18:03.320,2559,2104,2464,2730,1838,0,0.4215589,0
2025-02-13 08:18:03.561,2559,2104,2464,2730,1838,0,0.4213201,0
2025-02-13 08:18:04.066,2559,2104,2465,2730,1839,0,0.42114335,0
2025-02-13 08:18:09.060,2559,2104,2465,2730,1839,0,0.4209518,0
2025-02-13 08:18:12.569,2559,2104,2465,2730,1839,0,0.42098734,0
2025-02-13 08:18:13.843,2559,2205,2470,2754,1921,1,0.4210573,0
2025-02-13 08:18:14.064,2559,2205,2473,2757,1921,0,0.42775127,0
2025-02-13 08:18:21.062,2559,2205,2473,2757,1921,0,0.42861247,0
2025-02-13 08:18:21.563,2559,2205,2473,2757,1921,0,0.42943275,0
2025-02-13 08:18:22.060,2559,2205,2473,2757,1921,0,0.42999944,0
2025-02-13 08:18:26.061,2559,2206,2473,2758,1921,0,0.4303929,0
2025-02-13 08:18:29.060,2559,2206,2473,2758,1921,0,0.4309977,0
2025-02-13 08:18:30.587,2559,2206,2473,2758,1921,0,0.4315118,0
2025-02-13 08:18:32.585,2559,2206,2473,2758,1921,0,0.43210322,0
2025-02-13 08:18:34.568,2559,2207,2473,2759,1921,0,0.43222183,0
2025-02-13 08:18:36.820,2559,2208,2473,2760,1921,0,0.43307245,0
2025-02-13 08:18:37.068,2559,2208,2473,2760,1921,0,0.43294284,0
2025-02-13 08:18:39.076,2559,2208,2473,2760,1921,0,0.432909,0
2025-02-13 08:18:40.067,2559,2208,2473,2760,1921,0,0.43287662,0
2025-02-13 08:18:44.079,2559,2208,2473,2760,1921,0,0.432849,0
2025-02-13 08:18:44.854,2559,2209,2473,2761,1921,0,0.43281463,0
2025-02-13 08:18:48.837,2559,2209,2473,2761,1921,0,0.43275434,0
2025-02-13 08:18:49.069,2559,2209,2473,2761,1921,0,0.4327207,0
2025-02-13 08:18:50.069,2559,2209,2473,2761,1921,0,0.43269232,0
2025-02-13 08:18:51.067,2559,2209,2473,2761,1921,0,0.4326601,0
2025-02-13 08:18:52.816,2559,2211,2473,2763,1921,0,0.43263668,0
2025-02-13 08:18:54.563,2559,2211,2473,2763,1921,0,0.43254808,0
2025-02-13 08:18:56.601,2559,2211,2473,2763,1921,0,0.43251264,0
2025-02-13 08:18:57.077,2559,2211,2473,2763,1921,0,0.43248057,0
2025-02-13 08:18:59.814,2559,2211,2473,2763,1921,0,0.43245143,0
2025-02-13 08:19:00.078,2559,2212,2473,2764,1921,0,0.43241856,0
2025-02-13 08:19:02.844,2559,2212,2473,2764,1921,0,0.43235835,0
2025-02-13 08:19:04.374,2559,2212,2473,2764,1921,0,0.43232465,0
2025-02-13 08:19:04.886,2559,2212,2473,2764,1921,0,0.4322928,0
2025-02-13 08:19:06.082,2559,2212,2473,2764,1921,0,0.43226746,0
2025-02-13 08:19:06.573,2559,2212,2473,2764,1921,0,0.43223068,0
2025-02-13 08:19:07.358,2559,2212,2473,2764,1921,0,0.43221995,0
2025-02-13 08:19:07.841,2559,2212,2473,2764,1921,0,0.43220937,0
2025-02-13 08:19:09.359,2559,2212,2473,2764,1921,0,0.43219888,0
2025-02-13 08:19:12.076,2559,2212,2473,2764,1921,0,0.43219176,0
2025-02-13 08:19:12.577,2559,2212,2473,2764,1921,0,0.4321782,0
2025-02-13 08:19:13.579,2559,2212,2473,2764,1921,0,0.4321782,0
2025-02-13 08:19:14.075,2559,2212,2473,2764,1921,0,0.4321782,0
2025-02-13 08:19:14.571,2559,2212,2473,2764,1921,0,0.4321782,0
2025-02-13 08:19:15.846,2559,2212,2473,2764,1921,0,0.4321782,0
2025-02-13 08:19:17.069,2559,2212,2473,2764,1921,0,0.4321782,0
2025-02-13 08:19:17.571,2559,2212,2473,2764,1921,0,0.4321782,0
2025-02-13 08:19:18.070,2559,2212,2473,2764,1921,0,0.4321782,0
2025-02-13 08:19:18.316,2559,2212,2473,2764,1921,0,0.4321782,0
2025-02-13 08:19:18.849,2559,2212,2473,2764,1921,0,0.4321782,0
2025-02-13 08:19:19.072,2559,2212,2473,2764,1921,0,0.4321782,0
2025-02-13 08:19:19.568,2559,2212,2473,2764,1921,0,0.4321782,0
2025-02-13 08:19:20.072,2559,2212,2473,2764,1921,0,0.4321782,0
2025-02-13 08:19:20.322,2559,2212,2473,2764,1921,0,0.4321782,0
2025-02-13 08:19:21.076,2559,2212,2473,2764,1921,0,0.4321782,0
2025-02-13 08:19:25.067,2559,2212,2473,2764,1921,0,0.4321782,0
2025-02-13 08:19:25.815,2559,2212,2473,2764,1921,0,0.4321782,0
2025-02-13 08:19:26.569,2559,2212,2473,2764,1921,0,0.4321782,0
2025-02-13 08:19:28.564,2559,2212,2473,2764,1921,0,0.4321782,0
2025-02-13 08:19:32.321,2559,2212,2473,2764,1921,0,0.4321782,0
2025-02-13 08:19:33.342,2559,2212,2473,2764,1921,0,0.4321782,0
2025-02-13 08:19:33.572,2559,2212,2473,2764,1921,0,0.4321782,0
2025-02-13 08:19:34.339,2559,2212,2473,2764,1921,0,0.4321782,0
2025-02-13 08:19:36.585,2559,2212,2473,2764,1921,0,0.4321782,0
2025-02-13 08:19:38.844,2559,2212,2473,2764,1921,0,0.4321782,0
2025-02-13 08:19:40.314,2559,2212,2473,2764,1921,0,0.4321782,0
2025-02-13 08:19:41.822,2559,2212,2473,2764,1921,0,0.4321782,0
2025-02-13 08:19:43.065,2559,2212,2473,2764,1921,0,0.4321782,0
2025-02-13 08:19:46.067,2559,2212,2473,2764,1921,0,0.4321782,0
2025-02-13 08:19:48.073,2559,2212,2473,2764,1921,0,0.4321782,0
2025-02-13 08:19:48.565,2559,2212,2473,2764,1921,0,0.4321782,0
2025-02-13 08:19:48.840,2559,2212,2473,2764,1921,0,0.4321782,0
2025-02-13 08:19:54.067,2559,2212,2473,2764,1921,0,0.4321782,0
2025-02-13 08:19:55.810,2559,2212,2473,2764,1921,0,0.4321782,0
2025-02-13 08:19:56.068,2559,2212,2473,2764,1921,0,0.4321782,0
2025-02-13 08:19:58.061,2559,2212,2473,2764,1921,0,0.4321782,0
2025-02-13 08:19:58.816,2559,2212,2473,2764,1921,0,0.4321782,0
2025-02-13 08:19:59.106,2559,2212,2473,2764,1921,0,0.4321782,0
2025-02-13 08:20:02.068,2559,2212,2473,2764,1921,0,0.4321782,0
2025-02-13 08:20:02.343,2559,2212,2473,2764,1921,0,0.4321782,0
2025-02-13 08:20:02.569,2559,2212,2473,2764,1921,0,0.4321782,0
2025-02-13 08:20:03.078,2559,2212,2473,2764,1921,0,0.4321782,0
2025-02-13 08:20:04.363,2559,2212,2473,2764,1921,0,0.4321782,0
2025-02-13 08:20:06.088,2559,2212,2473,2764,1921,0,0.4321782,0
2025-02-13 08:20:09.344,2559,2212,2473,2764,1921,0,0.4321782,0
2025-02-13 08:20:09.842,2559,2212,2473,2764,1921,0,0.4321782,0
2025-02-13 08:20:11.059,2559,2212,2473,2764,1921,0,0.4321782,0
2025-02-13 08:20:12.559,2559,2212,2473,2764,1921,0,0.4321782,0
2025-02-13 08:20:13.062,2559,2212,2473,2764,1921,0,0.4321782,0
2025-02-13 08:20:13.591,2559,2212,2473,2764,1921,0,0.4321782,0
2025-02-13 08:20:14.335,2559,2212,2473,2764,1921,0,0.4321782,0
2025-02-13 08:20:14.562,2559,2212,2473,2764,1921,0,0.4321782,0
2025-02-13 08:20:14.809,2559,2212,2473,2764,1921,0,0.4321782,0
2025-02-13 08:20:17.309,2559,2212,2473,2764,1921,0,0.4321782,0
2025-02-13 08:20:18.060,2559,2212,2473,2764,1921,0,0.4321782,0
2025-02-13 08:20:19.083,2559,2212,2473,2764,1921,0,0.4321782,0
2025-02-13 08:20:19.348,2559,2212,2473,2764,1921,0,0.4321782,0
2025-02-13 08:20:22.068,2559,2212,2473,2764,1921,0,0.4321782,0
2025-02-13 08:20:22.567,2559,2212,2473,2764,1921,0,0.4321782,0
2025-02-13 08:20:22.851,2559,2212,2473,2764,1921,0,0.4321782,0
2025-02-13 08:20:23.103,2559,2212,2473,2764,1921,0,0.4321782,0
2025-02-13 08:20:25.344,2559,2212,2473,2764,1921,0,0.4321782,0
2025-02-13 08:20:31.821,2559,2212,2473,2764,1921,0,0.4321782,0
2025-02-13 08:20:32.842,2559,2212,2473,2764,1921,0,0.4321782,0
2025-02-13 08:20:36.345,2559,2212,2473,2764,1921,0,0.4321782,0
2025-02-13 08:20:42.076,2559,2212,2473,2764,1921,0,0.4321782,0
2025-02-13 08:20:48.356,2559,2212,2473,2764,1921,0,0.4321782,0
2025-02-13 08:20:49.073,2559,2212,2473,2764,1921,0,0.4321782,0
2025-02-13 08:21:00.321,2559,2212,2473,2764,1921,0,0.4321782,0
2025-02-13 08:21:00.579,2559,2212,2473,2764,1921,0,0.4321782,0
2025-02-13 08:21:00.847,2559,2212,2473,2764,1921,0,0.4321782,0
2025-02-13 08:21:01.123,2559,2212,2473,2764,1921,0,0.4321782,0
2025-02-13 08:21:01.360,2559,2212,2473,2764,1921,0,0.4321782,0
2025-02-13 08:21:02.153,2559,2212,2473,2764,1921,0,0.4321782,0
2025-02-13 08:21:02.405,2559,2212,2473,2764,1921,0,0.4321782,0
2025-02-13 08:21:02.621,2559,2212,2473,2764,1921,0,0.4321782,0
2025-02-13 08:21:02.895,2559,2212,2473,2764,1921,0,0.4321782,0
2025-02-13 08:21:05.841,2559,2212,2473,2764,1921,0,0.4321782,0
2025-02-13 08:21:07.082,2559,2212,2473,2764,1921,0,0.4321782,0
2025-02-13 08:21:09.348,2559,2212,2473,2764,1921,0,0.4321782,0
2025-02-13 08:21:09.590,2559,2212,2473,2764,1921,0,0.4321782,0
2025-02-13 08:21:11.086,2559,2212,2473,2764,1921,0,0.4321782,0
2025-02-13 08:21:16.075,2559,2212,2473,2764,1921,0,0.4321782,0
2025-02-13 08:21:16.353,2559,2212,2473,2764,1921,0,0.4321782,0
2025-02-13 08:21:21.568,2559,2212,2473,2764,1921,0,0.4321782,0
2025-02-13 08:21:21.836,2559,2212,2473,2764,1921,0,0.4321782,0
2025-02-13 08:21:27.820,2559,2212,2473,2764,1921,0,0.4321782,0
2025-02-13 08:21:28.836,2559,2212,2473,2764,1921,0,0.4321782,0
2025-02-13 08:21:31.812,2559,2212,2473,2764,1921,0,0.4321782,0
2025-02-13 08:21:34.342,2559,2212,2473,2764,1921,0,0.4321782,0
2025-02-13 08:21:34.563,2559,2212,2473,2764,1921,0,0.4321782,0
2025-02-13 08:21:34.819,2559,2213,2473,2765,1921,0,0.4321782,0
2025-02-13 08:21:40.815,2559,2233,2473,2785,1921,0,0.43213922,0
2025-02-13 08:21:42.847,2559,2233,2473,2785,1921,0,0.43135047,0
2025-02-13 08:21:43.592,2559,2233,2473,2785,1921,0,0.43109775,0
2025-02-13 08:21:43.850,2559,2233,2473,2785,1921,0,0.43087476,0
2025-02-13 08:21:44.566,2559,2233,2473,2785,1921,0,0.43064663,0
2025-02-13 08:21:45.569,2559,2233,2473,2785,1921,0,0.43044582,0
2025-02-13 08:21:46.567,2559,2233,2473,2785,1921,0,0.4302235,0
2025-02-13 08:21:47.570,2559,2233,2473,2785,1921,0,0.4300011,0
2025-02-13 08:21:52.564,2559,2233,2473,2785,1921,0,0.4297838,0
2025-02-13 08:21:52.817,2559,2233,2473,2785,1921,0,0.42962837,0
2025-02-13 08:21:53.075,2559,2233,2473,2785,1921,0,0.4293553,0
2025-02-13 08:21:53.566,2559,2233,2473,2785,1921,0,0.4293553,0
2025-02-13 08:21:54.627,2559,2233,2473,2785,1921,0,0.4293553,0
2025-02-13 08:21:54.858,2559,2233,2473,2785,1921,0,0.4293553,0
2025-02-13 08:21:55.071,2559,2233,2473,2785,1921,0,0.4293553,0
2025-02-13 08:21:55.571,2559,2233,2473,2785,1921,0,0.4293553,0
2025-02-13 08:21:56.572,2559,2233,2473,2785,1921,0,0.4293553,0
2025-02-13 08:22:02.564,2559,2233,2473,2785,1921,0,0.4293553,0
2025-02-13 08:22:05.849,2559,2233,2473,2785,1921,0,0.4293553,0
2025-02-13 08:22:06.068,2559,2233,2473,2785,1921,0,0.4293553,0
2025-02-13 08:22:08.070,2559,2233,2473,2785,1921,0,0.4293553,0
2025-02-13 08:22:12.060,2559,2233,2473,2785,1921,0,0.4293553,0
2025-02-13 08:22:14.809,2559,2233,2473,2785,1921,0,0.4293553,0
2025-02-13 08:22:19.567,2559,2233,2473,2785,1921,0,0.4293553,0
2025-02-13 08:22:20.060,2559,2233,2473,2785,1921,0,0.4293553,0
2025-02-13 08:22:21.564,2559,2233,2473,2785,1921,0,0.4293553,0
2025-02-13 08:22:22.337,2559,2233,2473,2785,1921,0,0.4293553,0
2025-02-13 08:22:22.561,2559,2233,2473,2785,1921,0,0.4293553,0
2025-02-13 08:22:28.309,2559,2233,2473,2785,1921,0,0.4293553,0
2025-02-13 08:22:32.569,2559,2233,2473,2785,1921,0,0.4293553,0
2025-02-13 08:22:41.574,2559,2233,2473,2785,1921,0,0.4293553,0
2025-02-13 08:22:43.347,2559,2233,2473,2785,1921,0,0.4293553,0
2025-02-13 08:22:46.837,2559,2233,2473,2785,1921,0,0.4293553,0
2025-02-13 08:22:49.342,2559,2233,2473,2785,1921,0,0.4293553,0
2025-02-13 08:22:56.832,2559,2233,2473,2785,1921,0,0.4293553,0
2025-02-13 08:23:03.860,2559,2233,2473,2785,1921,0,0.4293553,0
2025-02-13 08:23:04.087,2559,2233,2473,2785,1921,0,0.4293553,0
2025-02-13 08:23:11.851,2559,2233,2473,2785,1921,0,0.4293553,0
2025-02-13 08:23:17.583,2559,2233,2473,2785,1921,0,0.4293553,0
2025-02-13 08:23:31.572,2559,2233,2473,2785,1921,0,0.4293553,0
2025-02-13 08:23:37.062,2559,2233,2473,2785,1921,0,0.4293553,0
2025-02-13 08:23:40.099,2559,2233,2473,2785,1921,0,0.4293553,0
2025-02-13 08:23:41.072,2559,2233,2473,2785,1921,0,0.4293553,0
2025-02-13 08:23:42.844,2559,2233,2473,2785,1921,0,0.4293553,0
2025-02-13 08:23:45.840,2559,2233,2473,2785,1921,0,0.4293553,0
2025-02-13 08:23:46.064,2559,2233,2473,2785,1921,0,0.4293553,0
2025-02-13 08:23:46.344,2559,2233,2473,2785,1921,0,0.4293553,0
2025-02-13 08:23:47.568,2559,2233,2473,2785,1921,0,0.4293553,0
2025-02-13 08:23:47.811,2559,2233,2473,2785,1921,0,0.4293553,0
2025-02-13 08:23:48.350,2559,2233,2473,2785,1921,0,0.4293553,0
2025-02-13 08:23:49.311,2559,2233,2473,2785,1921,0,0.4293553,0
2025-02-13 08:23:51.568,2559,2233,2473,2785,1921,0,0.4293553,0
2025-02-13 08:23:52.572,2559,2233,2473,2785,1921,0,0.4293553,0
2025-02-13 08:23:54.066,2559,2233,2473,2785,1921,0,0.4293553,0
2025-02-13 08:23:58.074,2559,2233,2473,2785,1921,0,0.4293553,0
2025-02-13 08:24:02.565,2559,2233,2473,2785,1921,0,0.4293553,0
2025-02-13 08:24:07.340,2559,2233,2473,2785,1921,0,0.4293553,0
2025-02-13 08:24:07.565,2559,2233,2473,2785,1921,0,0.4293553,0
2025-02-13 08:24:07.841,2559,2233,2473,2785,1921,0,0.4293553,0
2025-02-13 08:24:08.076,2559,2233,2473,2785,1921,0,0.4293553,0
2025-02-13 08:24:08.336,2559,2233,2473,2785,1921,0,0.4293553,0
2025-02-13 08:24:10.341,2559,2233,2473,2785,1921,0,0.4293553,0
2025-02-13 08:24:10.860,2559,2233,2473,2785,1921,0,0.4293553,0
2025-02-13 08:24:11.076,2559,2233,2473,2785,1921,0,0.4293553,0
2025-02-13 08:24:11.356,2559,2233,2473,2785,1921,0,0.4293553,0
2025-02-13 08:24:12.347,2559,2233,2473,2785,1921,0,0.4293553,0
2025-02-13 08:24:12.560,2559,2233,2473,2785,1921,0,0.4293553,0
2025-02-13 08:24:12.816,2559,2233,2473,2785,1921,0,0.4293553,0
2025-02-13 08:24:13.068,2559,2233,2473,2785,1921,0,0.4293553,0
2025-02-13 08:24:13.565,2559,2233,2473,2785,1921,0,0.4293553,0
2025-02-13 08:24:14.069,2559,2233,2473,2785,1921,0,0.4293553,0
2025-02-13 08:24:14.580,2559,2233,2473,2785,1921,0,0.4293553,0
2025-02-13 08:24:15.844,2559,2233,2473,2785,1921,0,0.4293553,0
2025-02-13 08:24:17.339,2559,2233,2473,2785,1921,0,0.4293553,0
2025-02-13 08:24:17.574,2559,2233,2473,2785,1921,0,0.4293553,0
2025-02-13 08:24:17.844,2559,2233,2473,2785,1921,0,0.4293553,0
2025-02-13 08:24:18.813,2559,2233,2473,2785,1921,0,0.4293553,0
2025-02-13 08:24:19.059,2559,2233,2473,2785,1921,0,0.4293553,0
2025-02-13 08:24:19.582,2559,2233,2473,2785,1921,0,0.4293553,0
2025-02-13 08:24:20.354,2559,2233,2473,2785,1921,0,0.4293553,0
2025-02-13 08:24:20.874,2559,2233,2473,2785,1921,0,0.4293553,0
2025-02-13 08:24:21.585,2559,2233,2473,2785,1921,0,0.4293553,0
2025-02-13 08:24:22.575,2559,2233,2473,2785,1921,0,0.4293553,0
2025-02-13 08:24:25.066,2559,2233,2473,2785,1921,0,0.4293553,0
2025-02-13 08:24:27.370,2559,2233,2473,2785,1921,0,0.4293553,0
2025-02-13 08:24:27.842,2559,2233,2473,2785,1921,0,0.4293553,0
2025-02-13 08:24:29.079,2559,2233,2473,2785,1921,0,0.4293553,0
2025-02-13 08:24:29.559,2559,2233,2473,2785,1921,0,0.4293553,0
2025-02-13 08:24:29.835,2559,2233,2473,2785,1921,0,0.4293553,0
2025-02-13 08:24:30.312,2559,2233,2473,2785,1921,0,0.4293553,0
2025-02-13 08:24:34.578,2559,2233,2473,2785,1921,0,0.4293553,0
2025-02-13 08:24:35.067,2559,2233,2473,2785,1921,0,0.4293553,0
2025-02-13 08:24:35.567,2559,2233,2473,2785,1921,0,0.4293553,0
2025-02-13 08:24:37.844,2559,2233,2473,2785,1921,0,0.4293553,0
2025-02-13 08:24:38.343,2559,2233,2473,2785,1921,0,0.4293553,0
2025-02-13 08:24:38.573,2559,2233,2473,2785,1921,0,0.4293553,0
2025-02-13 08:24:38.842,2559,2233,2473,2785,1921,0,0.4293553,0
2025-02-13 08:24:39.073,2559,2233,2473,2785,1921,0,0.4293553,0
2025-02-13 08:24:40.314,2559,2233,2473,2785,1921,0,0.4293553,0
2025-02-13 08:24:41.072,2559,2233,2473,2785,1921,0,0.4293553,0
2025-02-13 08:24:41.572,2559,2233,2473,2785,1921,0,0.4293553,0
2025-02-13 08:24:42.345,2559,2233,2473,2785,1921,0,0.4293553,0
2025-02-13 08:24:45.074,2559,2233,2473,2785,1921,0,0.4293553,0
2025-02-13 08:24:45.592,2559,2233,2473,2785,1921,0,0.4293553,0
2025-02-13 08:24:45.844,2559,2233,2473,2785,1921,0,0.4293553,0
2025-02-13 08:24:46.823,2559,2233,2473,2785,1921,0,0.4293553,0
2025-02-13 08:24:48.068,2559,2233,2473,2785,1921,0,0.4293553,0
2025-02-13 08:24:49.321,2559,2233,2473,2785,1921,0,0.4293553,0
2025-02-13 08:24:50.077,2559,2233,2473,2785,1921,0,0.4293553,0
2025-02-13 08:24:50.586,2559,2233,2473,2785,1921,0,0.4293553,0
2025-02-13 08:24:50.827,2559,2233,2473,2785,1921,0,0.4293553,0
2025-02-13 08:24:51.577,2559,2233,2473,2785,1921,0,0.4293553,0
2025-02-13 08:24:52.081,2559,2233,2473,2785,1921,0,0.4293553,0
2025-02-13 08:24:52.572,2559,2233,2473,2785,1921,0,0.4293553,0
2025-02-13 08:24:52.820,2559,2233,2473,2785,1921,0,0.4293553,0
2025-02-13 08:24:53.821,2559,2233,2473,2785,1921,0,0.4293553,0
2025-02-13 08:24:54.836,2559,2233,2473,2785,1921,0,0.4293553,0
2025-02-13 08:24:55.572,2559,2233,2473,2785,1921,0,0.4293553,0
2025-02-13 08:24:56.818,2559,2233,2473,2785,1921,0,0.4293553,0
2025-02-13 08:24:57.333,2559,2233,2473,2785,1921,0,0.4293553,0
2025-02-13 08:24:58.356,2559,2233,2473,2785,1921,0,0.4293553,0
2025-02-13 08:24:58.585,2559,2233,2473,2785,1921,0,0.4293553,0
2025-02-13 08:24:59.094,2559,2233,2473,2785,1921,0,0.4293553,0
2025-02-13 08:24:59.602,2559,2233,2473,2785,1921,0,0.4293553,0
2025-02-13 08:25:00.328,2559,2233,2473,2785,1921,0,0.4293553,0
2025-02-13 08:25:03.846,2559,2233,2473,2785,1921,0,0.4293553,0
2025-02-13 08:25:04.077,2559,2233,2473,2785,1921,0,0.4293553,0
2025-02-13 08:25:05.344,2559,2233,2473,2785,1921,0,0.4293553,0
2025-02-13 08:25:05.843,2559,2233,2473,2785,1921,0,0.4293553,0
2025-02-13 08:25:06.084,2559,2233,2473,2785,1921,0,0.4293553,0
2025-02-13 08:25:06.845,2559,2233,2473,2785,1921,0,0.4293553,0
2025-02-13 08:25:07.821,2559,2233,2473,2785,1921,0,0.4293553,0
2025-02-13 08:25:09.089,2559,2233,2473,2785,1921,0,0.4293553,0
2025-02-13 08:25:10.079,2559,2233,2473,2785,1921,0,0.4293553,0
2025-02-13 08:25:10.359,2559,2233,2473,2785,1921,0,0.4293553,0
2025-02-13 08:25:11.078,2559,2233,2473,2785,1921,0,0.4293553,0
2025-02-13 08:25:11.348,2559,2233,2473,2785,1921,0,0.4293553,0
2025-02-13 08:25:11.580,2559,2233,2473,2785,1921,0,0.4293553,0
2025-02-13 08:25:12.341,2559,2233,2473,2785,1921,0,0.4293553,0
2025-02-13 08:25:12.574,2559,2233,2473,2785,1921,0,0.4293553,0
2025-02-13 08:25:12.843,2559,2233,2473,2785,1921,0,0.4293553,0
2025-02-13 08:25:13.082,2559,2233,2473,2785,1921,0,0.4293553,0
2025-02-13 08:25:13.351,2559,2233,2473,2785,1921,0,0.4293553,0
2025-02-13 08:25:13.575,2559,2233,2473,2785,1921,0,0.4293553,0
2025-02-13 08:25:13.846,2559,2233,2473,2785,1921,0,0.4293553,0
2025-02-13 08:25:14.072,2556,2426,2295,3151,1570,1,0.4293553,0
2025-02-13 08:25:14.320,2556,2426,2295,3151,1570,1,0.530116,0
2025-02-13 08:25:15.072,2556,2427,2295,3152,1570,1,0.5349635,0
2025-02-13 08:25:15.585,2556,2428,2295,3153,1570,0,0.538995,0
2025-02-13 08:25:16.316,2556,2429,2295,3154,1570,0,0.54240245,0
2025-02-13 08:25:18.339,2556,2429,2295,3154,1570,0,0.54510945,0
2025-02-13 08:25:19.070,2556,2429,2295,3154,1570,0,0.54598236,0
2025-02-13 08:25:19.580,2556,2429,2295,3154,1570,0,0.5468112,0
2025-02-13 08:25:20.579,2556,2429,2295,3154,1570,0,0.5467315,0
2025-02-13 08:25:22.347,2556,2691,2305,3404,1592,0,0.54777336,0
2025-02-13 08:25:22.572,2556,2697,2305,3410,1592,0,0.5368471,0
2025-02-13 08:25:22.843,2556,2699,2305,3411,1593,0,0.5347631,0
2025-02-13 08:25:23.323,2556,2701,2308,3411,1598,0,0.5329113,0
2025-02-13 08:25:23.836,2556,2701,2309,3412,1598,0,0.5312076,0
2025-02-13 08:25:24.335,2556,2701,2310,3412,1599,0,0.5291894,0
2025-02-13 08:25:24.832,2556,2701,2312,3413,1600,0,0.5271291,0
2025-02-13 08:25:25.308,2556,2701,2313,3413,1601,0,0.5250796,0
2025-02-13 08:25:26.062,2556,2701,2314,3414,1601,0,0.5230568,0
2025-02-13 08:25:26.569,2556,2702,2314,3415,1601,0,0.5213013,0
2025-02-13 08:25:26.832,2556,2703,2314,3416,1601,0,0.5186065,0
2025-02-13 08:25:27.815,2556,2704,2314,3417,1601,0,0.51845825,0
2025-02-13 08:25:29.068,2556,2704,2315,3418,1601,0,0.5183478,0
2025-02-13 08:25:29.570,2556,2704,2318,3418,1604,0,0.5182032,0
2025-02-13 08:25:31.065,2556,2728,2403,3427,1704,1,0.5181916,0
2025-02-13 08:25:31.350,2556,2740,2403,3434,1709,1,0.5217052,0
2025-02-13 08:25:31.567,2556,2760,2403,3449,1714,1,0.5221657,0
2025-02-13 08:25:32.074,2556,2760,2423,3469,1714,1,0.522091,0
2025-02-13 08:25:33.070,2556,2760,2423,3469,1714,0,0.5200931,0
2025-02-13 08:25:34.332,2556,2760,2423,3469,1714,0,0.519513,0
2025-02-13 08:25:36.311,2556,2760,2434,3480,1714,0,0.51899844,0
2025-02-13 08:25:36.813,2556,2761,2434,3481,1714,0,0.51736206,0
2025-02-13 08:25:37.563,2556,2761,2435,3482,1714,0,0.51649004,0
2025-02-13 08:25:40.337,2556,2762,2435,3483,1714,0,0.5153402,0
2025-02-13 08:25:40.560,2556,2762,2435,3483,1714,0,0.5147468,0
2025-02-13 08:25:43.562,2556,2762,2435,3483,1714,0,0.51408875,0
2025-02-13 08:25:46.335,2556,2762,2436,3484,1714,0,0.5134248,0
2025-02-13 08:25:47.560,2556,2767,2436,3489,1714,0,0.5127371,0
2025-02-13 08:25:47.835,2556,2789,2500,3554,1735,0,0.5123007,0
2025-02-13 08:25:48.562,2556,2841,2516,3622,1735,0,0.5078147,0
2025-02-13 08:25:48.820,2556,2841,2522,3622,1741,0,0.50309706,0
2025-02-13 08:25:49.083,2556,2841,2523,3622,1742,0,0.5015387,0
2025-02-13 08:25:49.367,2556,2845,2547,3638,1754,0,0.4998451,0
2025-02-13 08:25:51.075,2556,2845,2548,3639,1754,0,0.4971626,0
2025-02-13 08:25:51.851,2556,2845,2549,3640,1754,0,0.49512345,0
2025-02-13 08:25:53.317,2556,2845,2549,3640,1754,0,0.4930219,0
2025-02-13 08:25:56.064,2556,2845,2550,3641,1754,0,0.49104223,0
2025-02-13 08:25:56.560,2556,2845,2550,3641,1754,0,0.4889858,0
2025-02-13 08:25:57.842,2556,2845,2596,3673,1768,0,0.48713958,0
2025-02-13 08:25:58.072,2556,2851,2601,3683,1769,0,0.4834927,0
