symbol,datetime,security_id,bid_price,bid_order_qty,bid_executed_qty,ask_order_qty,ask_executed_qty
CS2503,2025-02-12 20:59:02.420000-11:00,205000008290,2559,144,89,154,79
CS2503,2025-02-12 21:00:00.124000-11:00,205000008290,2559,150,93,164,79
CS2503,2025-02-12 21:00:00.515000-11:00,205000008290,2559,191,111,166,136
CS2503,2025-02-12 21:00:01.018000-11:00,205000008290,2559,210,113,170,153
CS2503,2025-02-12 21:00:01.249000-11:00,205000008290,2559,210,113,170,153
CS2503,2025-02-12 21:00:01.471000-11:00,205000008290,2559,210,113,170,153
CS2503,2025-02-12 21:00:01.679000-11:00,205000008290,2559,210,113,170,153
CS2503,2025-02-12 21:00:01.862000-11:00,205000008290,2559,210,113,170,153
CS2503,2025-02-12 21:00:02.084000-11:00,205000008290,2559,210,113,170,153
CS2503,2025-02-12 21:00:02.228000-11:00,205000008290,2559,210,113,170,153
CS2503,2025-02-12 21:00:02.382000-11:00,205000008290,2559,210,113,170,153
CS2503,2025-02-12 21:00:02.592000-11:00,205000008290,2559,210,113,170,153
CS2503,2025-02-12 21:00:02.859000-11:00,205000008290,2559,210,113,170,153
CS2503,2025-02-12 21:00:03.093000-11:00,205000008290,2562,206,201,211,196
CS2503,2025-02-12 21:00:03.379000-11:00,205000008290,2562,256,201,255,202
CS2503,2025-02-12 21:00:03.586000-11:00,205000008290,2562,270,201,261,210
CS2503,2025-02-12 21:00:03.859000-11:00,205000008290,2562,310,221,300,231
CS2503,2025-02-12 21:00:04.081000-11:00,205000008290,2562,313,222,302,233
CS2503,2025-02-12 21:00:04.377000-11:00,205000008290,2562,324,228,305,247
CS2503,2025-02-12 21:00:04.585000-11:00,205000008290,2562,325,262,338,249
CS2503,2025-02-12 21:00:04.857000-11:00,205000008290,2562,327,264,340,251
CS2503,2025-02-12 21:00:05.135000-11:00,205000008290,2562,348,272,342,278
CS2503,2025-02-12 21:00:05.396000-11:00,205000008290,2562,379,275,373,281
CS2503,2025-02-12 21:00:05.664000-11:00,205000008290,2562,383,280,373,290
CS2503,2025-02-12 21:00:05.867000-11:00,205000008290,2562,385,283,375,293
CS2503,2025-02-12 21:00:06.089000-11:00,205000008290,2562,394,296,377,313
CS2503,2025-02-12 21:00:06.379000-11:00,205000008290,2562,402,296,382,316
CS2503,2025-02-12 21:00:06.589000-11:00,205000008290,2562,409,297,383,323
CS2503,2025-02-12 21:00:06.865000-11:00,205000008290,2562,416,297,390,323
CS2503,2025-02-12 21:00:07.094000-11:00,205000008290,2562,432,306,408,330
CS2503,2025-02-12 21:00:07.368000-11:00,205000008290,2562,437,306,410,333
CS2503,2025-02-12 21:00:07.628000-11:00,205000008290,2562,441,308,413,336
CS2503,2025-02-12 21:00:07.859000-11:00,205000008290,2562,477,308,419,366
CS2503,2025-02-12 21:00:08.084000-11:00,205000008290,2562,483,313,420,376
CS2503,2025-02-12 21:00:08.366000-11:00,205000008290,2562,485,315,424,376
CS2503,2025-02-12 21:00:08.627000-11:00,205000008290,2562,498,317,431,384
CS2503,2025-02-12 21:00:08.869000-11:00,205000008290,2562,500,322,431,391
CS2503,2025-02-12 21:00:09.089000-11:00,205000008290,2562,500,324,432,392
CS2503,2025-02-12 21:00:09.379000-11:00,205000008290,2562,501,329,434,396
CS2503,2025-02-12 21:00:09.588000-11:00,205000008290,2562,515,347,435,427
CS2503,2025-02-12 21:00:09.864000-11:00,205000008290,2562,522,348,435,435
CS2503,2025-02-12 21:00:10.123000-11:00,205000008290,2562,527,367,435,459
CS2503,2025-02-12 21:00:10.399000-11:00,205000008290,2562,527,369,435,461
CS2503,2025-02-12 21:00:10.618000-11:00,205000008290,2562,528,369,435,462
CS2503,2025-02-12 21:00:10.872000-11:00,205000008290,2562,528,390,437,481
CS2503,2025-02-12 21:00:11.088000-11:00,205000008290,2562,538,391,437,492
CS2503,2025-02-12 21:00:11.366000-11:00,205000008290,2562,539,398,445,492
CS2503,2025-02-12 21:00:11.635000-11:00,205000008290,2562,543,400,450,493
CS2503,2025-02-12 21:00:11.860000-11:00,205000008290,2562,549,401,450,500
CS2503,2025-02-12 21:00:12.089000-11:00,205000008290,2562,570,403,452,521
CS2503,2025-02-12 21:00:12.365000-11:00,205000008290,2562,575,404,458,521
CS2503,2025-02-12 21:00:12.600000-11:00,205000008290,2562,611,405,471,545
CS2503,2025-02-12 21:00:12.869000-11:00,205000008290,2562,630,407,472,565
CS2503,2025-02-12 21:00:13.091000-11:00,205000008290,2562,632,407,472,567
CS2503,2025-02-12 21:00:13.365000-11:00,205000008290,2562,635,407,474,568
CS2503,2025-02-12 21:00:13.631000-11:00,205000008290,2562,648,417,484,581
CS2503,2025-02-12 21:00:13.864000-11:00,205000008290,2562,654,418,484,588
CS2503,2025-02-12 21:00:14.083000-11:00,205000008290,2562,655,420,484,591
CS2503,2025-02-12 21:00:14.365000-11:00,205000008290,2562,661,420,484,597
CS2503,2025-02-12 21:00:14.583000-11:00,205000008290,2562,669,420,484,605
CS2503,2025-02-12 21:00:14.875000-11:00,205000008290,2562,679,420,490,609
CS2503,2025-02-12 21:00:15.083000-11:00,205000008290,2562,680,454,497,637
CS2503,2025-02-12 21:00:15.359000-11:00,205000008290,2562,685,462,499,648
CS2503,2025-02-12 21:00:15.622000-11:00,205000008290,2562,687,464,499,652
CS2503,2025-02-12 21:00:15.862000-11:00,205000008290,2562,690,466,499,657
CS2503,2025-02-12 21:00:16.085000-11:00,205000008290,2562,696,466,502,660
CS2503,2025-02-12 21:00:16.378000-11:00,205000008290,2562,698,466,502,662
CS2503,2025-02-12 21:00:16.587000-11:00,205000008290,2562,708,468,509,667
CS2503,2025-02-12 21:00:16.859000-11:00,205000008290,2562,710,468,510,668
CS2503,2025-02-12 21:00:17.081000-11:00,205000008290,2562,743,480,540,683
CS2503,2025-02-12 21:00:17.363000-11:00,205000008290,2562,749,482,545,686
CS2503,2025-02-12 21:00:17.626000-11:00,205000008290,2562,753,487,546,694
CS2503,2025-02-12 21:00:17.859000-11:00,205000008290,2562,761,487,551,697
CS2503,2025-02-12 21:00:18.087000-11:00,205000008290,2562,778,489,554,713
CS2503,2025-02-12 21:00:18.370000-11:00,205000008290,2562,796,489,560,725
CS2503,2025-02-12 21:00:18.586000-11:00,205000008290,2562,806,491,561,736
CS2503,2025-02-12 21:00:18.864000-11:00,205000008290,2562,811,491,566,736
CS2503,2025-02-12 21:00:19.084000-11:00,205000008290,2562,828,491,568,751
CS2503,2025-02-12 21:00:19.372000-11:00,205000008290,2562,831,496,571,756
CS2503,2025-02-12 21:00:19.584000-11:00,205000008290,2562,833,496,572,757
CS2503,2025-02-12 21:00:19.857000-11:00,205000008290,2562,835,496,572,759
CS2503,2025-02-12 21:00:20.085000-11:00,205000008290,2562,864,505,593,776
CS2503,2025-02-12 21:00:20.378000-11:00,205000008290,2562,868,505,597,776
CS2503,2025-02-12 21:00:20.587000-11:00,205000008290,2562,871,505,599,777
CS2503,2025-02-12 21:00:20.862000-11:00,205000008290,2562,871,506,600,777
CS2503,2025-02-12 21:00:21.088000-11:00,205000008290,2562,872,506,601,777
CS2503,2025-02-12 21:00:21.366000-11:00,205000008290,2562,880,515,607,788
CS2503,2025-02-12 21:00:21.617000-11:00,205000008290,2562,890,516,607,799
CS2503,2025-02-12 21:00:21.860000-11:00,205000008290,2562,891,516,608,799
CS2503,2025-02-12 21:00:22.084000-11:00,205000008290,2562,901,520,609,812
CS2503,2025-02-12 21:00:22.382000-11:00,205000008290,2562,901,521,610,812
CS2503,2025-02-12 21:00:22.584000-11:00,205000008290,2562,905,524,610,819
CS2503,2025-02-12 21:00:22.861000-11:00,205000008290,2562,906,525,610,821
CS2503,2025-02-12 21:00:23.084000-11:00,205000008290,2562,914,528,617,825
CS2503,2025-02-12 21:00:23.380000-11:00,205000008290,2562,917,537,619,835
CS2503,2025-02-12 21:00:23.586000-11:00,205000008290,2562,919,538,620,837
CS2503,2025-02-12 21:00:23.863000-11:00,205000008290,2562,920,538,620,838
CS2503,2025-02-12 21:00:24.087000-11:00,205000008290,2562,957,540,638,859
CS2503,2025-02-12 21:00:24.380000-11:00,205000008290,2562,970,541,638,873
CS2503,2025-02-12 21:00:24.583000-11:00,205000008290,2562,998,550,638,910
CS2503,2025-02-12 21:00:24.863000-11:00,205000008290,2562,1000,550,638,912
CS2503,2025-02-12 21:00:25.081000-11:00,205000008290,2562,1006,557,638,925
CS2503,2025-02-12 21:00:25.377000-11:00,205000008290,2562,1009,557,640,926
CS2503,2025-02-12 21:00:25.582000-11:00,205000008290,2562,1011,562,641,932
CS2503,2025-02-12 21:00:25.857000-11:00,205000008290,2562,1011,563,642,932
CS2503,2025-02-12 21:00:26.085000-11:00,205000008290,2562,1017,589,673,933
CS2503,2025-02-12 21:00:26.366000-11:00,205000008290,2562,1021,589,676,934
CS2503,2025-02-12 21:00:26.855000-11:00,205000008290,2562,1027,593,680,940
CS2503,2025-02-12 21:00:27.084000-11:00,205000008290,2562,1027,596,681,942
CS2503,2025-02-12 21:00:27.361000-11:00,205000008290,2562,1027,599,681,945
CS2503,2025-02-12 21:00:27.595000-11:00,205000008290,2562,1028,600,681,947
CS2503,2025-02-12 21:00:27.855000-11:00,205000008290,2562,1029,606,681,954
CS2503,2025-02-12 21:00:28.079000-11:00,205000008290,2562,1047,610,684,973
CS2503,2025-02-12 21:00:28.586000-11:00,205000008290,2562,1048,610,684,974
CS2503,2025-02-12 21:00:28.859000-11:00,205000008290,2562,1050,610,684,976
CS2503,2025-02-12 21:00:29.082000-11:00,205000008290,2562,1070,610,693,987
CS2503,2025-02-12 21:00:29.361000-11:00,205000008290,2562,1072,610,694,988
CS2503,2025-02-12 21:00:29.592000-11:00,205000008290,2562,1072,614,694,992
CS2503,2025-02-12 21:00:29.842000-11:00,205000008290,2562,1073,615,694,994
CS2503,2025-02-12 21:00:30.838000-11:00,205000008290,2562,1074,618,696,996
CS2503,2025-02-12 21:00:31.089000-11:00,205000008290,2562,1076,643,707,1012
CS2503,2025-02-12 21:00:31.603000-11:00,205000008290,2562,1087,646,721,1012
CS2503,2025-02-12 21:00:31.859000-11:00,205000008290,2562,1089,649,725,1013
CS2503,2025-02-12 21:00:32.093000-11:00,205000008290,2562,1125,719,828,1016
CS2503,2025-02-12 21:00:32.365000-11:00,205000008290,2562,1126,719,828,1017
CS2503,2025-02-12 21:00:32.603000-11:00,205000008290,2562,1147,751,833,1065
CS2503,2025-02-12 21:00:32.859000-11:00,205000008290,2562,1147,755,833,1069
CS2503,2025-02-12 21:00:33.089000-11:00,205000008290,2562,1165,755,837,1083
CS2503,2025-02-12 21:00:33.362000-11:00,205000008290,2562,1177,756,848,1085
CS2503,2025-02-12 21:00:33.604000-11:00,205000008290,2562,1183,758,848,1093
CS2503,2025-02-12 21:00:33.859000-11:00,205000008290,2562,1183,759,848,1094
CS2503,2025-02-12 21:00:34.361000-11:00,205000008290,2562,1185,759,848,1096
CS2503,2025-02-12 21:00:34.599000-11:00,205000008290,2562,1191,762,848,1105
CS2503,2025-02-12 21:00:34.859000-11:00,205000008290,2562,1192,762,848,1106
CS2503,2025-02-12 21:00:35.356000-11:00,205000008290,2562,1193,775,855,1113
CS2503,2025-02-12 21:00:35.592000-11:00,205000008290,2562,1196,778,857,1117
CS2503,2025-02-12 21:00:36.088000-11:00,205000008290,2562,1196,811,865,1142
CS2503,2025-02-12 21:00:36.362000-11:00,205000008290,2562,1196,826,865,1157
CS2503,2025-02-12 21:00:36.857000-11:00,205000008290,2562,1202,826,867,1161
CS2503,2025-02-12 21:00:37.094000-11:00,205000008290,2562,1204,826,867,1163
CS2503,2025-02-12 21:00:37.589000-11:00,205000008290,2562,1206,830,867,1169
CS2503,2025-02-12 21:00:37.859000-11:00,205000008290,2562,1218,837,873,1182
CS2503,2025-02-12 21:00:38.088000-11:00,205000008290,2562,1218,838,873,1183
CS2503,2025-02-12 21:00:38.361000-11:00,205000008290,2562,1218,839,873,1184
CS2503,2025-02-12 21:00:39.088000-11:00,205000008290,2562,1220,841,875,1186
CS2503,2025-02-12 21:00:39.592000-11:00,205000008290,2562,1221,841,876,1186
CS2503,2025-02-12 21:00:39.857000-11:00,205000008290,2562,1222,841,877,1186
CS2503,2025-02-12 21:00:40.590000-11:00,205000008290,2562,1222,842,877,1187
CS2503,2025-02-12 21:00:40.836000-11:00,205000008290,2562,1222,843,877,1188
CS2503,2025-02-12 21:00:41.087000-11:00,205000008290,2562,1234,849,895,1188
CS2503,2025-02-12 21:00:41.359000-11:00,205000008290,2562,1239,849,900,1188
CS2503,2025-02-12 21:00:41.592000-11:00,205000008290,2562,1239,850,901,1188
CS2503,2025-02-12 21:00:42.093000-11:00,205000008290,2562,1240,850,902,1188
CS2503,2025-02-12 21:00:42.367000-11:00,205000008290,2562,1240,851,903,1188
CS2503,2025-02-12 21:00:42.595000-11:00,205000008290,2562,1248,852,912,1188
CS2503,2025-02-12 21:00:43.091000-11:00,205000008290,2562,1248,856,914,1190
CS2503,2025-02-12 21:00:43.590000-11:00,205000008290,2562,1294,917,1021,1190
CS2503,2025-02-12 21:00:43.854000-11:00,205000008290,2562,1299,917,1026,1190
CS2503,2025-02-12 21:00:44.091000-11:00,205000008290,2562,1307,923,1034,1196
CS2503,2025-02-12 21:00:44.357000-11:00,205000008290,2562,1308,933,1043,1198
CS2503,2025-02-12 21:00:44.591000-11:00,205000008290,2562,1319,935,1052,1202
CS2503,2025-02-12 21:00:44.860000-11:00,205000008290,2562,1335,939,1062,1212
CS2503,2025-02-12 21:00:45.592000-11:00,205000008290,2562,1335,940,1063,1212
CS2503,2025-02-12 21:00:45.858000-11:00,205000008290,2562,1336,940,1064,1212
CS2503,2025-02-12 21:00:46.091000-11:00,205000008290,2562,1355,942,1067,1230
CS2503,2025-02-12 21:00:46.855000-11:00,205000008290,2562,1355,943,1067,1231
CS2503,2025-02-12 21:00:47.089000-11:00,205000008290,2562,1369,943,1070,1242
CS2503,2025-02-12 21:00:47.595000-11:00,205000008290,2562,1369,945,1071,1243
CS2503,2025-02-12 21:00:47.861000-11:00,205000008290,2562,1370,947,1074,1243
CS2503,2025-02-12 21:00:48.087000-11:00,205000008290,2562,1370,949,1075,1244
CS2503,2025-02-12 21:00:48.359000-11:00,205000008290,2562,1371,949,1076,1244
CS2503,2025-02-12 21:00:48.595000-11:00,205000008290,2562,1388,949,1077,1260
CS2503,2025-02-12 21:00:48.861000-11:00,205000008290,2562,1390,949,1077,1262
CS2503,2025-02-12 21:00:49.095000-11:00,205000008290,2562,1392,954,1078,1268
CS2503,2025-02-12 21:00:49.859000-11:00,205000008290,2562,1393,955,1079,1269
CS2503,2025-02-12 21:00:50.092000-11:00,205000008290,2562,1395,955,1079,1271
CS2503,2025-02-12 21:00:50.609000-11:00,205000008290,2562,1395,956,1079,1272
CS2503,2025-02-12 21:00:51.094000-11:00,205000008290,2562,1399,956,1083,1272
CS2503,2025-02-12 21:00:51.605000-11:00,205000008290,2562,1400,957,1084,1273
CS2503,2025-02-12 21:00:51.862000-11:00,205000008290,2562,1414,957,1095,1276
CS2503,2025-02-12 21:00:52.095000-11:00,205000008290,2562,1419,957,1096,1280
CS2503,2025-02-12 21:00:52.602000-11:00,205000008290,2562,1420,958,1096,1282
CS2503,2025-02-12 21:00:52.866000-11:00,205000008290,2562,1421,958,1096,1283
CS2503,2025-02-12 21:00:53.095000-11:00,205000008290,2562,1428,958,1100,1286
CS2503,2025-02-12 21:00:53.360000-11:00,205000008290,2562,1448,960,1114,1294
CS2503,2025-02-12 21:00:53.604000-11:00,205000008290,2562,1448,964,1116,1296
CS2503,2025-02-12 21:00:53.865000-11:00,205000008290,2562,1448,966,1117,1297
CS2503,2025-02-12 21:00:54.087000-11:00,205000008290,2562,1449,967,1118,1298
CS2503,2025-02-12 21:00:54.602000-11:00,205000008290,2562,1449,970,1118,1301
CS2503,2025-02-12 21:00:55.092000-11:00,205000008290,2562,1464,970,1123,1311
CS2503,2025-02-12 21:00:55.597000-11:00,205000008290,2562,1465,970,1123,1312
CS2503,2025-02-12 21:00:56.089000-11:00,205000008290,2562,1466,970,1123,1313
CS2503,2025-02-12 21:00:56.356000-11:00,205000008290,2562,1468,970,1124,1314
CS2503,2025-02-12 21:00:56.602000-11:00,205000008290,2562,1474,971,1128,1317
CS2503,2025-02-12 21:00:57.862000-11:00,205000008290,2562,1475,971,1129,1317
CS2503,2025-02-12 21:00:58.091000-11:00,205000008290,2562,1478,985,1145,1318
CS2503,2025-02-12 21:00:58.599000-11:00,205000008290,2562,1480,991,1147,1324
CS2503,2025-02-12 21:00:58.861000-11:00,205000008290,2562,1481,993,1149,1325
CS2503,2025-02-12 21:00:59.092000-11:00,205000008290,2562,1482,994,1151,1325
CS2503,2025-02-12 21:00:59.592000-11:00,205000008290,2562,1485,994,1154,1325
CS2503,2025-02-12 21:00:59.863000-11:00,205000008290,2562,1487,994,1156,1325
CS2503,2025-02-12 21:01:00.092000-11:00,205000008290,2562,1496,996,1167,1325
CS2503,2025-02-12 21:01:00.341000-11:00,205000008290,2562,1496,998,1169,1325
CS2503,2025-02-12 21:01:00.594000-11:00,205000008290,2562,1513,1000,1187,1326
CS2503,2025-02-12 21:01:00.863000-11:00,205000008290,2562,1515,1000,1189,1326
CS2503,2025-02-12 21:01:01.088000-11:00,205000008290,2562,1548,1028,1208,1368
CS2503,2025-02-12 21:01:01.593000-11:00,205000008290,2562,1551,1030,1209,1372
CS2503,2025-02-12 21:01:01.858000-11:00,205000008290,2562,1551,1040,1209,1382
CS2503,2025-02-12 21:01:02.095000-11:00,205000008290,2562,1551,1041,1210,1382
CS2503,2025-02-12 21:01:02.594000-11:00,205000008290,2562,1556,1041,1210,1387
CS2503,2025-02-12 21:01:02.867000-11:00,205000008290,2562,1587,1056,1246,1397
CS2503,2025-02-12 21:01:03.096000-11:00,205000008290,2562,1591,1061,1246,1406
CS2503,2025-02-12 21:01:03.371000-11:00,205000008290,2562,1595,1062,1246,1411
CS2503,2025-02-12 21:01:03.592000-11:00,205000008290,2562,1608,1064,1246,1426
CS2503,2025-02-12 21:01:03.858000-11:00,205000008290,2562,1611,1064,1246,1429
CS2503,2025-02-12 21:01:04.088000-11:00,205000008290,2562,1623,1064,1246,1441
CS2503,2025-02-12 21:01:04.366000-11:00,205000008290,2562,1626,1064,1247,1443
CS2503,2025-02-12 21:01:04.592000-11:00,205000008290,2562,1629,1065,1249,1445
CS2503,2025-02-12 21:01:04.861000-11:00,205000008290,2562,1637,1082,1272,1447
CS2503,2025-02-12 21:01:05.096000-11:00,205000008290,2562,1700,1098,1285,1513
CS2503,2025-02-12 21:01:05.600000-11:00,205000008290,2562,1725,1124,1287,1562
CS2503,2025-02-12 21:01:05.864000-11:00,205000008290,2562,1725,1125,1287,1563
CS2503,2025-02-12 21:01:06.093000-11:00,205000008290,2562,1726,1147,1301,1572
CS2503,2025-02-12 21:01:06.372000-11:00,205000008290,2562,1727,1148,1303,1572
CS2503,2025-02-12 21:01:06.594000-11:00,205000008290,2562,1729,1148,1305,1572
CS2503,2025-02-12 21:01:07.091000-11:00,205000008290,2562,1730,1148,1306,1572
CS2503,2025-02-12 21:01:07.591000-11:00,205000008290,2562,1730,1149,1307,1572
CS2503,2025-02-12 21:01:07.862000-11:00,205000008290,2562,1730,1150,1307,1573
CS2503,2025-02-12 21:01:08.093000-11:00,205000008290,2562,1735,1152,1310,1577
CS2503,2025-02-12 21:01:08.366000-11:00,205000008290,2562,1735,1153,1310,1578
CS2503,2025-02-12 21:01:08.858000-11:00,205000008290,2562,1736,1156,1310,1582
CS2503,2025-02-12 21:01:09.094000-11:00,205000008290,2562,1776,1279,1320,1735
CS2503,2025-02-12 21:01:09.369000-11:00,205000008290,2562,1776,1279,1320,1735
CS2503,2025-02-12 21:01:09.590000-11:00,205000008290,2562,1776,1279,1320,1735
CS2503,2025-02-12 21:01:10.591000-11:00,205000008290,2562,1776,1279,1320,1735
CS2503,2025-02-12 21:01:10.861000-11:00,205000008290,2562,1776,1279,1320,1735
CS2503,2025-02-12 21:01:11.100000-11:00,205000008290,2562,1776,1279,1320,1735
CS2503,2025-02-12 21:01:11.375000-11:00,205000008290,2562,1776,1279,1320,1735
CS2503,2025-02-12 21:01:11.595000-11:00,205000008290,2562,1776,1279,1320,1735
CS2503,2025-02-12 21:01:12.128000-11:00,205000008290,2562,1776,1279,1320,1735
CS2503,2025-02-12 21:01:12.373000-11:00,205000008290,2562,1776,1279,1320,1735
CS2503,2025-02-12 21:01:12.593000-11:00,205000008290,2562,1776,1279,1320,1735
CS2503,2025-02-12 21:01:12.865000-11:00,205000008290,2562,1776,1279,1320,1735
CS2503,2025-02-12 21:01:13.097000-11:00,205000008290,2562,1776,1279,1320,1735
CS2503,2025-02-12 21:01:13.370000-11:00,205000008290,2562,1776,1279,1320,1735
CS2503,2025-02-12 21:01:13.589000-11:00,205000008290,2562,1776,1279,1320,1735
CS2503,2025-02-12 21:01:13.869000-11:00,205000008290,2562,1776,1279,1320,1735
CS2503,2025-02-12 21:01:14.592000-11:00,205000008290,2562,1776,1279,1320,1735
CS2503,2025-02-12 21:01:14.863000-11:00,205000008290,2562,1776,1279,1320,1735
CS2503,2025-02-12 21:01:15.091000-11:00,205000008290,2562,1776,1279,1320,1735
CS2503,2025-02-12 21:01:15.589000-11:00,205000008290,2562,1776,1279,1320,1735
CS2503,2025-02-12 21:01:15.861000-11:00,205000008290,2562,1776,1279,1320,1735
CS2503,2025-02-12 21:01:16.089000-11:00,205000008290,2562,1776,1279,1320,1735
CS2503,2025-02-12 21:01:16.361000-11:00,205000008290,2562,1776,1279,1320,1735
CS2503,2025-02-12 21:01:16.590000-11:00,205000008290,2562,1776,1279,1320,1735
CS2503,2025-02-12 21:01:17.590000-11:00,205000008290,2562,1776,1279,1320,1735
CS2503,2025-02-12 21:01:18.090000-11:00,205000008290,2562,1776,1279,1320,1735
CS2503,2025-02-12 21:01:18.357000-11:00,205000008290,2562,1776,1279,1320,1735
CS2503,2025-02-12 21:01:18.594000-11:00,205000008290,2562,1776,1279,1320,1735
CS2503,2025-02-12 21:01:18.859000-11:00,205000008290,2562,1776,1279,1320,1735
CS2503,2025-02-12 21:01:19.092000-11:00,205000008290,2562,1776,1279,1320,1735
CS2503,2025-02-12 21:01:19.362000-11:00,205000008290,2562,1776,1279,1320,1735
CS2503,2025-02-12 21:01:19.589000-11:00,205000008290,2562,1776,1280,1321,1735
CS2503,2025-02-12 21:01:20.096000-11:00,205000008290,2562,1776,1280,1321,1735
CS2503,2025-02-12 21:01:20.361000-11:00,205000008290,2562,1776,1280,1321,1735
CS2503,2025-02-12 21:01:20.592000-11:00,205000008290,2562,1776,1282,1323,1735
CS2503,2025-02-12 21:01:20.861000-11:00,205000008290,2562,1776,1282,1323,1735
CS2503,2025-02-12 21:01:21.090000-11:00,205000008290,2562,1776,1282,1323,1735
CS2503,2025-02-12 21:01:21.358000-11:00,205000008290,2562,1781,1282,1328,1735
CS2503,2025-02-12 21:01:21.587000-11:00,205000008290,2562,1781,1282,1328,1735
CS2503,2025-02-12 21:01:21.865000-11:00,205000008290,2562,1781,1282,1328,1735
CS2503,2025-02-12 21:01:22.590000-11:00,205000008290,2562,1781,1282,1328,1735
CS2503,2025-02-12 21:01:22.861000-11:00,205000008290,2562,1781,1282,1328,1735
CS2503,2025-02-12 21:01:23.091000-11:00,205000008290,2562,1786,1282,1333,1735
CS2503,2025-02-12 21:01:23.338000-11:00,205000008290,2562,1788,1282,1335,1735
CS2503,2025-02-12 21:01:23.592000-11:00,205000008290,2562,1788,1282,1335,1735
CS2503,2025-02-12 21:01:23.861000-11:00,205000008290,2562,1789,1282,1336,1735
CS2503,2025-02-12 21:01:24.091000-11:00,205000008290,2562,1790,1282,1336,1736
CS2503,2025-02-12 21:01:24.359000-11:00,205000008290,2562,1790,1282,1336,1736
CS2503,2025-02-12 21:01:24.862000-11:00,205000008290,2562,1790,1282,1336,1736
CS2503,2025-02-12 21:01:25.090000-11:00,205000008290,2562,1790,1282,1336,1736
CS2503,2025-02-12 21:01:25.368000-11:00,205000008290,2562,1790,1282,1336,1736
CS2503,2025-02-12 21:01:25.591000-11:00,205000008290,2562,1790,1283,1336,1737
CS2503,2025-02-12 21:01:25.872000-11:00,205000008290,2562,1879,1288,1385,1782
CS2503,2025-02-12 21:01:26.596000-11:00,205000008290,2562,1880,1288,1385,1783
CS2503,2025-02-12 21:01:27.361000-11:00,205000008290,2562,1880,1289,1385,1784
CS2503,2025-02-12 21:01:27.590000-11:00,205000008290,2562,1880,1290,1386,1784
CS2503,2025-02-12 21:01:28.093000-11:00,205000008290,2562,1885,1293,1386,1792
CS2503,2025-02-12 21:01:28.864000-11:00,205000008290,2562,1909,1306,1387,1828
CS2503,2025-02-12 21:01:29.085000-11:00,205000008290,2562,1909,1306,1387,1828
CS2503,2025-02-12 21:01:29.858000-11:00,205000008290,2562,1910,1306,1387,1829
CS2503,2025-02-12 21:01:30.086000-11:00,205000008290,2562,1910,1306,1387,1829
CS2503,2025-02-12 21:01:30.588000-11:00,205000008290,2562,1915,1306,1387,1834
CS2503,2025-02-12 21:01:31.085000-11:00,205000008290,2562,1915,1306,1387,1834
CS2503,2025-02-12 21:01:31.358000-11:00,205000008290,2562,1923,1306,1387,1842
CS2503,2025-02-12 21:01:31.589000-11:00,205000008290,2562,1928,1306,1389,1845
CS2503,2025-02-12 21:01:33.088000-11:00,205000008290,2562,1929,1306,1389,1846
CS2503,2025-02-12 21:01:33.590000-11:00,205000008290,2562,1929,1306,1389,1846
CS2503,2025-02-12 21:01:33.862000-11:00,205000008290,2562,1930,1306,1389,1847
CS2503,2025-02-12 21:01:34.858000-11:00,205000008290,2562,1931,1306,1389,1848
CS2503,2025-02-12 21:01:35.087000-11:00,205000008290,2562,1931,1306,1389,1848
CS2503,2025-02-12 21:01:35.855000-11:00,205000008290,2562,2016,1306,1452,1870
CS2503,2025-02-12 21:01:36.088000-11:00,205000008290,2562,2016,1307,1453,1870
CS2503,2025-02-12 21:01:37.084000-11:00,205000008290,2562,2016,1315,1453,1878
CS2503,2025-02-12 21:01:37.582000-11:00,205000008290,2562,2016,1316,1454,1878
CS2503,2025-02-12 21:01:37.856000-11:00,205000008290,2562,2021,1316,1459,1878
CS2503,2025-02-12 21:01:38.084000-11:00,205000008290,2562,2021,1319,1460,1880
CS2503,2025-02-12 21:01:38.356000-11:00,205000008290,2562,2026,1319,1465,1880
CS2503,2025-02-12 21:01:38.866000-11:00,205000008290,2562,2027,1319,1466,1880
CS2503,2025-02-12 21:01:39.091000-11:00,205000008290,2562,2028,1319,1467,1880
CS2503,2025-02-12 21:01:39.370000-11:00,205000008290,2562,2036,1351,1495,1892
CS2503,2025-02-12 21:01:40.087000-11:00,205000008290,2562,2036,1352,1496,1892
CS2503,2025-02-12 21:01:40.361000-11:00,205000008290,2562,2041,1356,1505,1892
CS2503,2025-02-12 21:01:41.082000-11:00,205000008290,2562,2045,1356,1508,1893
CS2503,2025-02-12 21:01:41.359000-11:00,205000008290,2562,2050,1356,1513,1893
CS2503,2025-02-12 21:01:41.586000-11:00,205000008290,2562,2052,1356,1514,1894
CS2503,2025-02-12 21:01:41.856000-11:00,205000008290,2562,2053,1356,1514,1895
CS2503,2025-02-12 21:01:42.358000-11:00,205000008290,2562,2053,1359,1517,1895
CS2503,2025-02-12 21:01:43.084000-11:00,205000008290,2562,2055,1359,1519,1895
CS2503,2025-02-12 21:01:43.857000-11:00,205000008290,2562,2056,1359,1520,1895
CS2503,2025-02-12 21:01:44.358000-11:00,205000008290,2562,2057,1359,1521,1895
CS2503,2025-02-12 21:01:45.084000-11:00,205000008290,2562,2058,1363,1526,1895
CS2503,2025-02-12 21:01:45.334000-11:00,205000008290,2562,2059,1363,1527,1895
CS2503,2025-02-12 21:01:45.828000-11:00,205000008290,2562,2060,1363,1528,1895
CS2503,2025-02-12 21:01:46.083000-11:00,205000008290,2562,2065,1365,1531,1899
CS2503,2025-02-12 21:01:46.359000-11:00,205000008290,2562,2066,1365,1531,1900
CS2503,2025-02-12 21:01:46.582000-11:00,205000008290,2562,2068,1365,1533,1900
CS2503,2025-02-12 21:01:47.359000-11:00,205000008290,2562,2070,1365,1534,1901
CS2503,2025-02-12 21:01:47.589000-11:00,205000008290,2562,2071,1365,1534,1902
CS2503,2025-02-12 21:01:48.084000-11:00,205000008290,2562,2073,1365,1536,1902
CS2503,2025-02-12 21:01:48.584000-11:00,205000008290,2562,2120,1370,1565,1925
CS2503,2025-02-12 21:01:48.861000-11:00,205000008290,2562,2123,1371,1569,1925
CS2503,2025-02-12 21:01:49.080000-11:00,205000008290,2562,2123,1371,1569,1925
CS2503,2025-02-12 21:01:49.582000-11:00,205000008290,2562,2124,1376,1572,1928
CS2503,2025-02-12 21:01:49.856000-11:00,205000008290,2562,2125,1376,1573,1928
CS2503,2025-02-12 21:01:50.081000-11:00,205000008290,2562,2126,1376,1574,1928
CS2503,2025-02-12 21:01:50.355000-11:00,205000008290,2562,2126,1377,1575,1928
CS2503,2025-02-12 21:01:50.583000-11:00,205000008290,2562,2126,1377,1575,1928
CS2503,2025-02-12 21:01:51.086000-11:00,205000008290,2562,2126,1377,1575,1928
CS2503,2025-02-12 21:01:51.359000-11:00,205000008290,2562,2131,1377,1580,1928
CS2503,2025-02-12 21:01:51.584000-11:00,205000008290,2562,2131,1378,1581,1928
CS2503,2025-02-12 21:01:52.083000-11:00,205000008290,2562,2131,1392,1585,1938
CS2503,2025-02-12 21:01:53.088000-11:00,205000008290,2562,2134,1392,1588,1938
CS2503,2025-02-12 21:01:53.358000-11:00,205000008290,2562,2134,1392,1588,1938
CS2503,2025-02-12 21:01:53.854000-11:00,205000008290,2562,2135,1392,1589,1938
CS2503,2025-02-12 21:01:55.080000-11:00,205000008290,2562,2136,1392,1589,1939
CS2503,2025-02-12 21:01:55.576000-11:00,205000008290,2562,2136,1393,1590,1939
CS2503,2025-02-12 21:01:55.826000-11:00,205000008290,2562,2136,1394,1591,1939
CS2503,2025-02-12 21:01:56.079000-11:00,205000008290,2562,2137,1395,1593,1939
CS2503,2025-02-12 21:01:56.334000-11:00,205000008290,2562,2137,1427,1620,1944
CS2503,2025-02-12 21:01:56.592000-11:00,205000008290,2562,2140,1427,1621,1946
CS2503,2025-02-12 21:01:56.862000-11:00,205000008290,2562,2140,1427,1621,1946
CS2503,2025-02-12 21:01:57.360000-11:00,205000008290,2562,2140,1427,1621,1946
CS2503,2025-02-12 21:01:58.082000-11:00,205000008290,2562,2141,1427,1621,1947
CS2503,2025-02-12 21:01:58.581000-11:00,205000008290,2562,2141,1428,1621,1948
CS2503,2025-02-12 21:01:58.854000-11:00,205000008290,2562,2142,1428,1621,1949
CS2503,2025-02-12 21:01:59.078000-11:00,205000008290,2562,2147,1428,1621,1954
CS2503,2025-02-12 21:01:59.581000-11:00,205000008290,2562,2147,1429,1621,1955
CS2503,2025-02-12 21:02:00.581000-11:00,205000008290,2562,2152,1429,1626,1955
CS2503,2025-02-12 21:02:00.855000-11:00,205000008290,2562,2154,1429,1628,1955
CS2503,2025-02-12 21:02:01.082000-11:00,205000008290,2562,2155,1429,1628,1956
CS2503,2025-02-12 21:02:01.358000-11:00,205000008290,2562,2156,1429,1628,1957
CS2503,2025-02-12 21:02:01.585000-11:00,205000008290,2562,2163,1429,1631,1961
CS2503,2025-02-12 21:02:01.858000-11:00,205000008290,2562,2164,1429,1632,1961
CS2503,2025-02-12 21:02:02.082000-11:00,205000008290,2562,2165,1429,1633,1961
CS2503,2025-02-12 21:02:02.358000-11:00,205000008290,2562,2167,1429,1635,1961
CS2503,2025-02-12 21:02:02.583000-11:00,205000008290,2562,2167,1429,1635,1961
CS2503,2025-02-12 21:02:03.082000-11:00,205000008290,2562,2169,1429,1637,1961
CS2503,2025-02-12 21:02:03.869000-11:00,205000008290,2562,2173,1429,1639,1963
CS2503,2025-02-12 21:02:04.084000-11:00,205000008290,2562,2173,1429,1639,1963
CS2503,2025-02-12 21:02:04.866000-11:00,205000008290,2562,2174,1429,1640,1963
CS2503,2025-02-12 21:02:05.079000-11:00,205000008290,2562,2174,1429,1640,1963
CS2503,2025-02-12 21:02:06.579000-11:00,205000008290,2562,2176,1429,1642,1963
CS2503,2025-02-12 21:02:06.856000-11:00,205000008290,2562,2177,1429,1643,1963
CS2503,2025-02-12 21:02:07.079000-11:00,205000008290,2562,2177,1429,1643,1963
CS2503,2025-02-12 21:02:07.583000-11:00,205000008290,2562,2177,1430,1644,1963
CS2503,2025-02-12 21:02:08.081000-11:00,205000008290,2562,2177,1430,1644,1963
CS2503,2025-02-12 21:02:08.583000-11:00,205000008290,2562,2178,1430,1645,1963
CS2503,2025-02-12 21:02:08.856000-11:00,205000008290,2562,2180,1430,1647,1963
CS2503,2025-02-12 21:02:10.077000-11:00,205000008290,2562,2181,1430,1647,1964
CS2503,2025-02-12 21:02:10.581000-11:00,205000008290,2562,2181,1430,1647,1964
CS2503,2025-02-12 21:02:11.079000-11:00,205000008290,2562,2181,1430,1647,1964
CS2503,2025-02-12 21:02:12.584000-11:00,205000008290,2562,2181,1431,1648,1964
CS2503,2025-02-12 21:02:13.084000-11:00,205000008290,2562,2181,1431,1648,1964
CS2503,2025-02-12 21:02:13.357000-11:00,205000008290,2562,2181,1431,1648,1964
CS2503,2025-02-12 21:02:13.582000-11:00,205000008290,2562,2181,1431,1648,1964
CS2503,2025-02-12 21:02:13.855000-11:00,205000008290,2562,2181,1431,1648,1964
CS2503,2025-02-12 21:02:14.082000-11:00,205000008290,2562,2181,1431,1648,1964
CS2503,2025-02-12 21:02:14.582000-11:00,205000008290,2562,2181,1431,1648,1964
CS2503,2025-02-12 21:02:15.357000-11:00,205000008290,2562,2181,1431,1648,1964
CS2503,2025-02-12 21:02:15.864000-11:00,205000008290,2562,2181,1431,1648,1964
CS2503,2025-02-12 21:02:16.081000-11:00,205000008290,2562,2181,1431,1648,1964
CS2503,2025-02-12 21:02:16.582000-11:00,205000008290,2562,2181,1432,1649,1964
CS2503,2025-02-12 21:02:17.577000-11:00,205000008290,2562,2182,1432,1650,1964
CS2503,2025-02-12 21:02:18.078000-11:00,205000008290,2562,2182,1432,1650,1964
CS2503,2025-02-12 21:02:18.580000-11:00,205000008290,2562,2183,1432,1651,1964
CS2503,2025-02-12 21:02:18.862000-11:00,205000008290,2562,2184,1432,1652,1964
CS2503,2025-02-12 21:02:19.081000-11:00,205000008290,2562,2184,1432,1652,1964
CS2503,2025-02-12 21:02:20.579000-11:00,205000008290,2562,2184,1433,1653,1964
CS2503,2025-02-12 21:02:21.081000-11:00,205000008290,2562,2185,1433,1654,1964
CS2503,2025-02-12 21:02:22.580000-11:00,205000008290,2562,2185,1433,1654,1964
CS2503,2025-02-12 21:02:22.828000-11:00,205000008290,2562,2185,1433,1654,1964
CS2503,2025-02-12 21:02:23.081000-11:00,205000008290,2562,2185,1433,1654,1964
CS2503,2025-02-12 21:02:23.358000-11:00,205000008290,2562,2185,1434,1655,1964
CS2503,2025-02-12 21:02:23.857000-11:00,205000008290,2562,2186,1434,1656,1964
CS2503,2025-02-12 21:02:24.080000-11:00,205000008290,2562,2186,1434,1656,1964
CS2503,2025-02-12 21:02:24.862000-11:00,205000008290,2562,2187,1434,1656,1965
CS2503,2025-02-12 21:02:25.080000-11:00,205000008290,2562,2187,1434,1656,1965
CS2503,2025-02-12 21:02:25.826000-11:00,205000008290,2562,2187,1434,1656,1965
CS2503,2025-02-12 21:02:26.077000-11:00,205000008290,2562,2187,1434,1656,1965
CS2503,2025-02-12 21:02:27.079000-11:00,205000008290,2562,2187,1434,1656,1965
CS2503,2025-02-12 21:02:27.355000-11:00,205000008290,2562,2220,1434,1674,1980
CS2503,2025-02-12 21:02:28.078000-11:00,205000008290,2562,2220,1434,1674,1980
CS2503,2025-02-12 21:02:28.826000-11:00,205000008290,2562,2221,1434,1675,1980
CS2503,2025-02-12 21:02:29.077000-11:00,205000008290,2562,2221,1434,1675,1980
CS2503,2025-02-12 21:02:31.088000-11:00,205000008290,2562,2221,1434,1675,1980
CS2503,2025-02-12 21:02:31.590000-11:00,205000008290,2562,2226,1434,1679,1981
CS2503,2025-02-12 21:02:32.087000-11:00,205000008290,2562,2226,1434,1679,1981
CS2503,2025-02-12 21:02:33.088000-11:00,205000008290,2562,2226,1434,1679,1981
CS2503,2025-02-12 21:02:33.356000-11:00,205000008290,2562,2226,1434,1679,1981
CS2503,2025-02-12 21:02:33.855000-11:00,205000008290,2562,2227,1434,1680,1981
CS2503,2025-02-12 21:02:34.088000-11:00,205000008290,2562,2227,1434,1680,1981
CS2503,2025-02-12 21:02:34.341000-11:00,205000008290,2562,2228,1434,1680,1982
CS2503,2025-02-12 21:02:35.089000-11:00,205000008290,2562,2228,1434,1680,1982
CS2503,2025-02-12 21:02:36.089000-11:00,205000008290,2562,2228,1434,1680,1982
CS2503,2025-02-12 21:02:37.087000-11:00,205000008290,2562,2228,1434,1680,1982
CS2503,2025-02-12 21:02:37.610000-11:00,205000008290,2562,2228,1434,1680,1982
CS2503,2025-02-12 21:02:38.090000-11:00,205000008290,2562,2228,1434,1680,1982
CS2503,2025-02-12 21:02:38.357000-11:00,205000008290,2562,2228,1434,1680,1982
CS2503,2025-02-12 21:02:38.856000-11:00,205000008290,2562,2229,1434,1681,1982
CS2503,2025-02-12 21:02:39.089000-11:00,205000008290,2562,2229,1434,1681,1982
CS2503,2025-02-12 21:02:39.594000-11:00,205000008290,2562,2229,1434,1681,1982
CS2503,2025-02-12 21:02:40.085000-11:00,205000008290,2562,2229,1434,1681,1982
CS2503,2025-02-12 21:02:40.358000-11:00,205000008290,2562,2229,1434,1681,1982
CS2503,2025-02-12 21:02:40.587000-11:00,205000008290,2562,2229,1434,1681,1982
CS2503,2025-02-12 21:02:41.087000-11:00,205000008290,2562,2229,1434,1681,1982
CS2503,2025-02-12 21:02:41.355000-11:00,205000008290,2562,2229,1434,1681,1982
CS2503,2025-02-12 21:02:41.593000-11:00,205000008290,2562,2229,1434,1681,1982
CS2503,2025-02-12 21:02:42.086000-11:00,205000008290,2562,2229,1434,1681,1982
CS2503,2025-02-12 21:02:42.585000-11:00,205000008290,2562,2229,1434,1681,1982
CS2503,2025-02-12 21:02:42.835000-11:00,205000008290,2562,2229,1434,1681,1982
CS2503,2025-02-12 21:02:43.083000-11:00,205000008290,2562,2229,1434,1681,1982
CS2503,2025-02-12 21:02:43.857000-11:00,205000008290,2562,2229,1434,1681,1982
CS2503,2025-02-12 21:02:44.083000-11:00,205000008290,2562,2229,1434,1681,1982
CS2503,2025-02-12 21:02:45.086000-11:00,205000008290,2562,2229,1434,1681,1982
CS2503,2025-02-12 21:02:45.585000-11:00,205000008290,2562,2229,1434,1681,1982
CS2503,2025-02-12 21:02:46.085000-11:00,205000008290,2562,2229,1434,1681,1982
CS2503,2025-02-12 21:02:47.085000-11:00,205000008290,2562,2229,1434,1681,1982
CS2503,2025-02-12 21:02:47.589000-11:00,205000008290,2562,2229,1434,1681,1982
CS2503,2025-02-12 21:02:48.086000-11:00,205000008290,2562,2229,1434,1681,1982
CS2503,2025-02-12 21:02:48.361000-11:00,205000008290,2562,2229,1434,1681,1982
CS2503,2025-02-12 21:02:48.858000-11:00,205000008290,2562,2229,1434,1681,1982
CS2503,2025-02-12 21:02:49.089000-11:00,205000008290,2562,2229,1434,1681,1982
CS2503,2025-02-12 21:02:49.855000-11:00,205000008290,2562,2229,1434,1681,1982
CS2503,2025-02-12 21:02:50.090000-11:00,205000008290,2562,2229,1434,1681,1982
CS2503,2025-02-12 21:02:51.092000-11:00,205000008290,2562,2229,1434,1681,1982
CS2503,2025-02-12 21:02:51.360000-11:00,205000008290,2562,2229,1434,1681,1982
CS2503,2025-02-12 21:02:51.586000-11:00,205000008290,2562,2229,1435,1682,1982
CS2503,2025-02-12 21:02:52.588000-11:00,205000008290,2562,2229,1435,1682,1982
CS2503,2025-02-12 21:02:52.854000-11:00,205000008290,2562,2229,1435,1682,1982
CS2503,2025-02-12 21:02:53.086000-11:00,205000008290,2562,2229,1435,1682,1982
CS2503,2025-02-12 21:02:53.341000-11:00,205000008290,2562,2229,1435,1682,1982
CS2503,2025-02-12 21:02:53.855000-11:00,205000008290,2562,2229,1435,1682,1982
CS2503,2025-02-12 21:02:54.089000-11:00,205000008290,2562,2229,1435,1682,1982
CS2503,2025-02-12 21:02:55.089000-11:00,205000008290,2562,2229,1435,1682,1982
CS2503,2025-02-12 21:02:56.100000-11:00,205000008290,2562,2229,1435,1682,1982
CS2503,2025-02-12 21:02:57.091000-11:00,205000008290,2562,2229,1435,1682,1982
CS2503,2025-02-12 21:02:57.863000-11:00,205000008290,2562,2229,1435,1682,1982
CS2503,2025-02-12 21:02:58.095000-11:00,205000008290,2562,2229,1435,1682,1982
CS2503,2025-02-12 21:02:58.380000-11:00,205000008290,2562,2229,1435,1682,1982
CS2503,2025-02-12 21:02:58.595000-11:00,205000008290,2562,2229,1435,1682,1982
CS2503,2025-02-12 21:02:58.862000-11:00,205000008290,2562,2229,1435,1682,1982
CS2503,2025-02-12 21:02:59.087000-11:00,205000008290,2562,2229,1435,1682,1982
CS2503,2025-02-12 21:02:59.357000-11:00,205000008290,2562,2229,1435,1682,1982
CS2503,2025-02-12 21:02:59.591000-11:00,205000008290,2562,2229,1435,1682,1982
CS2503,2025-02-12 21:03:00.087000-11:00,205000008290,2562,2229,1435,1682,1982
CS2503,2025-02-12 21:03:00.596000-11:00,205000008290,2562,2229,1435,1682,1982
CS2503,2025-02-12 21:03:00.837000-11:00,205000008290,2562,2229,1435,1682,1982
CS2503,2025-02-12 21:03:01.088000-11:00,205000008290,2562,2229,1435,1682,1982
CS2503,2025-02-12 21:03:01.859000-11:00,205000008290,2562,2229,1435,1682,1982
CS2503,2025-02-12 21:03:02.086000-11:00,205000008290,2562,2229,1435,1682,1982
CS2503,2025-02-12 21:03:02.359000-11:00,205000008290,2562,2229,1435,1682,1982
CS2503,2025-02-12 21:03:03.097000-11:00,205000008290,2562,2229,1435,1682,1982
CS2503,2025-02-12 21:03:03.363000-11:00,205000008290,2562,2229,1435,1682,1982
CS2503,2025-02-12 21:03:03.864000-11:00,205000008290,2562,2229,1435,1682,1982
CS2503,2025-02-12 21:03:04.091000-11:00,205000008290,2562,2229,1435,1682,1982
CS2503,2025-02-12 21:03:04.359000-11:00,205000008290,2562,2229,1435,1682,1982
CS2503,2025-02-12 21:03:05.085000-11:00,205000008290,2562,2229,1435,1682,1982
CS2503,2025-02-12 21:03:05.360000-11:00,205000008290,2562,2229,1435,1682,1982
CS2503,2025-02-12 21:03:05.857000-11:00,205000008290,2562,2229,1435,1682,1982
CS2503,2025-02-12 21:03:06.092000-11:00,205000008290,2562,2229,1435,1682,1982
CS2503,2025-02-12 21:03:06.362000-11:00,205000008290,2562,2229,1435,1682,1982
CS2503,2025-02-12 21:03:07.086000-11:00,205000008290,2562,2229,1435,1682,1982
CS2503,2025-02-12 21:03:07.356000-11:00,205000008290,2562,2229,1435,1682,1982
CS2503,2025-02-12 21:03:08.084000-11:00,205000008290,2562,2229,1435,1682,1982
CS2503,2025-02-12 21:03:08.581000-11:00,205000008290,2562,2229,1435,1682,1982
CS2503,2025-02-12 21:03:08.855000-11:00,205000008290,2562,2229,1435,1682,1982
CS2503,2025-02-12 21:03:09.087000-11:00,205000008290,2562,2229,1435,1682,1982
CS2503,2025-02-12 21:03:09.358000-11:00,205000008290,2562,2229,1435,1682,1982
CS2503,2025-02-12 21:03:10.086000-11:00,205000008290,2562,2229,1435,1682,1982
CS2503,2025-02-12 21:03:10.589000-11:00,205000008290,2562,2229,1435,1682,1982
CS2503,2025-02-12 21:03:11.596000-11:00,205000008290,2562,2229,1435,1682,1982
CS2503,2025-02-12 21:03:12.589000-11:00,205000008290,2562,2229,1435,1682,1982
CS2503,2025-02-12 21:03:13.090000-11:00,205000008290,2562,2229,1435,1682,1982
CS2503,2025-02-12 21:03:13.861000-11:00,205000008290,2562,2229,1435,1682,1982
CS2503,2025-02-12 21:03:14.091000-11:00,205000008290,2562,2229,1435,1682,1982
CS2503,2025-02-12 21:03:14.858000-11:00,205000008290,2562,2229,1435,1682,1982
CS2503,2025-02-12 21:03:15.857000-11:00,205000008290,2562,2229,1435,1682,1982
CS2503,2025-02-12 21:03:16.098000-11:00,205000008290,2562,2229,1435,1682,1982
CS2503,2025-02-12 21:03:16.832000-11:00,205000008290,2562,2229,1435,1682,1982
CS2503,2025-02-12 21:03:17.077000-11:00,205000008290,2562,2229,1435,1682,1982
CS2503,2025-02-12 21:03:17.583000-11:00,205000008290,2562,2229,1435,1682,1982
CS2503,2025-02-12 21:03:18.083000-11:00,205000008290,2562,2229,1435,1682,1982
CS2503,2025-02-12 21:03:18.588000-11:00,205000008290,2562,2229,1435,1682,1982
CS2503,2025-02-12 21:03:19.090000-11:00,205000008290,2562,2229,1435,1682,1982
CS2503,2025-02-12 21:03:19.357000-11:00,205000008290,2562,2229,1435,1682,1982
CS2503,2025-02-12 21:03:19.589000-11:00,205000008290,2562,2229,1435,1682,1982
CS2503,2025-02-12 21:03:20.083000-11:00,205000008290,2562,2229,1435,1682,1982
CS2503,2025-02-12 21:03:20.595000-11:00,205000008290,2562,2229,1435,1682,1982
CS2503,2025-02-12 21:03:20.856000-11:00,205000008290,2562,2229,1435,1682,1982
CS2503,2025-02-12 21:03:21.084000-11:00,205000008290,2562,2229,1435,1682,1982
CS2503,2025-02-12 21:03:21.587000-11:00,205000008290,2562,2229,1435,1682,1982
CS2503,2025-02-12 21:03:22.088000-11:00,205000008290,2562,2229,1435,1682,1982
CS2503,2025-02-12 21:03:23.084000-11:00,205000008290,2562,2229,1435,1682,1982
CS2503,2025-02-12 21:03:23.363000-11:00,205000008290,2562,2229,1435,1682,1982
CS2503,2025-02-12 21:03:24.092000-11:00,205000008290,2562,2229,1435,1682,1982
CS2503,2025-02-12 21:03:24.356000-11:00,205000008290,2562,2229,1435,1682,1982
CS2503,2025-02-12 21:03:24.857000-11:00,205000008290,2562,2229,1435,1682,1982
CS2503,2025-02-12 21:03:25.083000-11:00,205000008290,2562,2229,1435,1682,1982
CS2503,2025-02-12 21:03:26.580000-11:00,205000008290,2562,2229,1435,1682,1982
CS2503,2025-02-12 21:03:27.234000-11:00,205000008290,2562,2229,1435,1682,1982
CS2503,2025-02-12 21:03:27.595000-11:00,205000008290,2562,2229,1435,1682,1982
CS2503,2025-02-12 21:03:28.082000-11:00,205000008290,2562,2229,1435,1682,1982
CS2503,2025-02-12 21:03:29.082000-11:00,205000008290,2562,2229,1435,1682,1982
CS2503,2025-02-12 21:03:29.852000-11:00,205000008290,2562,2229,1435,1682,1982
CS2503,2025-02-12 21:03:30.584000-11:00,205000008290,2562,2229,1435,1682,1982
CS2503,2025-02-12 21:03:30.860000-11:00,205000008290,2562,2229,1435,1682,1982
CS2503,2025-02-12 21:03:31.087000-11:00,205000008290,2562,2229,1435,1682,1982
CS2503,2025-02-12 21:03:31.590000-11:00,205000008290,2562,2229,1435,1682,1982
CS2503,2025-02-12 21:03:32.089000-11:00,205000008290,2562,2229,1435,1682,1982
CS2503,2025-02-12 21:03:32.360000-11:00,205000008290,2562,2229,1435,1682,1982
CS2503,2025-02-12 21:03:32.590000-11:00,205000008290,2562,2229,1435,1682,1982
CS2503,2025-02-12 21:03:33.084000-11:00,205000008290,2562,2229,1435,1682,1982
CS2503,2025-02-12 21:03:33.866000-11:00,205000008290,2562,2229,1435,1682,1982
CS2503,2025-02-12 21:03:34.087000-11:00,205000008290,2562,2229,1435,1682,1982
CS2503,2025-02-12 21:03:34.354000-11:00,205000008290,2562,2229,1435,1682,1982
CS2503,2025-02-12 21:03:34.607000-11:00,205000008290,2562,2229,1435,1682,1982
CS2503,2025-02-12 21:03:35.082000-11:00,205000008290,2562,2229,1435,1682,1982
CS2503,2025-02-12 21:03:35.352000-11:00,205000008290,2562,2229,1435,1682,1982
CS2503,2025-02-12 21:03:35.581000-11:00,205000008290,2562,2229,1435,1682,1982
CS2503,2025-02-12 21:03:36.082000-11:00,205000008290,2562,2229,1435,1682,1982
CS2503,2025-02-12 21:03:36.351000-11:00,205000008290,2562,2229,1435,1682,1982
CS2503,2025-02-12 21:03:38.580000-11:00,205000008290,2562,2229,1435,1682,1982
CS2503,2025-02-12 21:03:39.075000-11:00,205000008290,2562,2229,1435,1682,1982
CS2503,2025-02-12 21:03:39.330000-11:00,205000008290,2562,2229,1435,1682,1982
CS2503,2025-02-12 21:03:40.082000-11:00,205000008290,2562,2229,1435,1682,1982
CS2503,2025-02-12 21:03:40.578000-11:00,205000008290,2562,2229,1435,1682,1982
CS2503,2025-02-12 21:03:41.077000-11:00,205000008290,2562,2229,1435,1682,1982
CS2503,2025-02-12 21:03:41.351000-11:00,205000008290,2562,2229,1435,1682,1982
CS2503,2025-02-12 21:03:42.090000-11:00,205000008290,2562,2229,1435,1682,1982
CS2503,2025-02-12 21:03:42.355000-11:00,205000008290,2562,2229,1435,1682,1982
CS2503,2025-02-12 21:03:43.079000-11:00,205000008290,2562,2229,1435,1682,1982
CS2503,2025-02-12 21:03:43.351000-11:00,205000008290,2562,2229,1435,1682,1982
CS2503,2025-02-12 21:03:44.080000-11:00,205000008290,2562,2229,1435,1682,1982
CS2503,2025-02-12 21:03:44.329000-11:00,205000008290,2562,2229,1435,1682,1982
CS2503,2025-02-12 21:03:45.093000-11:00,205000008290,2562,2229,1435,1682,1982
CS2503,2025-02-12 21:03:46.085000-11:00,205000008290,2562,2229,1435,1682,1982
CS2503,2025-02-12 21:03:47.079000-11:00,205000008290,2562,2229,1435,1682,1982
CS2503,2025-02-12 21:03:47.577000-11:00,205000008290,2562,2229,1435,1682,1982
CS2503,2025-02-12 21:03:47.851000-11:00,205000008290,2562,2229,1435,1682,1982
CS2503,2025-02-12 21:03:48.079000-11:00,205000008290,2562,2229,1435,1682,1982
CS2503,2025-02-12 21:03:49.084000-11:00,205000008290,2562,2229,1435,1682,1982
CS2503,2025-02-12 21:03:50.083000-11:00,205000008290,2562,2229,1435,1682,1982
CS2503,2025-02-12 21:03:50.579000-11:00,205000008290,2562,2229,1435,1682,1982
CS2503,2025-02-12 21:03:51.078000-11:00,205000008290,2562,2229,1435,1682,1982
CS2503,2025-02-12 21:03:51.578000-11:00,205000008290,2562,2229,1435,1682,1982
CS2503,2025-02-12 21:03:52.327000-11:00,205000008290,2562,2229,1435,1682,1982
CS2503,2025-02-12 21:03:53.078000-11:00,205000008290,2562,2229,1435,1682,1982
CS2503,2025-02-12 21:03:53.580000-11:00,205000008290,2562,2229,1435,1682,1982
CS2503,2025-02-12 21:03:54.079000-11:00,205000008290,2562,2229,1435,1682,1982
CS2503,2025-02-12 21:03:54.578000-11:00,205000008290,2562,2229,1435,1682,1982
CS2503,2025-02-12 21:03:55.076000-11:00,205000008290,2562,2229,1435,1682,1982
CS2503,2025-02-12 21:03:55.577000-11:00,205000008290,2562,2229,1435,1682,1982
CS2503,2025-02-12 21:03:56.077000-11:00,205000008290,2562,2229,1435,1682,1982
CS2503,2025-02-12 21:03:56.580000-11:00,205000008290,2562,2229,1435,1682,1982
CS2503,2025-02-12 21:03:56.825000-11:00,205000008290,2562,2229,1435,1682,1982
CS2503,2025-02-12 21:03:57.076000-11:00,205000008290,2562,2229,1435,1682,1982
CS2503,2025-02-12 21:03:58.077000-11:00,205000008290,2562,2229,1435,1682,1982
CS2503,2025-02-12 21:03:58.325000-11:00,205000008290,2562,2229,1435,1682,1982
CS2503,2025-02-12 21:03:58.578000-11:00,205000008290,2562,2229,1435,1682,1982
CS2503,2025-02-12 21:03:59.077000-11:00,205000008290,2562,2229,1435,1682,1982
CS2503,2025-02-12 21:03:59.577000-11:00,205000008290,2562,2229,1435,1682,1982
CS2503,2025-02-12 21:04:01.077000-11:00,205000008290,2562,2229,1435,1682,1982
CS2503,2025-02-12 21:04:01.578000-11:00,205000008290,2562,2229,1435,1682,1982
CS2503,2025-02-12 21:04:02.580000-11:00,205000008290,2562,2229,1435,1682,1982
CS2503,2025-02-12 21:04:03.085000-11:00,205000008290,2562,2229,1435,1682,1982
CS2503,2025-02-12 21:04:04.077000-11:00,205000008290,2562,2229,1435,1682,1982
CS2503,2025-02-12 21:04:05.080000-11:00,205000008290,2562,2229,1435,1682,1982
CS2503,2025-02-12 21:04:06.076000-11:00,205000008290,2562,2229,1435,1682,1982
CS2503,2025-02-12 21:04:07.083000-11:00,205000008290,2562,2229,1435,1682,1982
CS2503,2025-02-12 21:04:07.585000-11:00,205000008290,2562,2229,1435,1682,1982
CS2503,2025-02-12 21:04:07.831000-11:00,205000008290,2562,2229,1435,1682,1982
CS2503,2025-02-12 21:04:08.086000-11:00,205000008290,2562,2229,1435,1682,1982
CS2503,2025-02-12 21:04:09.078000-11:00,205000008290,2562,2229,1435,1682,1982
CS2503,2025-02-12 21:04:09.353000-11:00,205000008290,2562,2229,1435,1682,1982
CS2503,2025-02-12 21:04:10.078000-11:00,205000008290,2562,2229,1435,1682,1982
CS2503,2025-02-12 21:04:10.352000-11:00,205000008290,2562,2229,1435,1682,1982
CS2503,2025-02-12 21:04:11.076000-11:00,205000008290,2562,2229,1435,1682,1982
CS2503,2025-02-12 21:04:12.578000-11:00,205000008290,2562,2229,1435,1682,1982
CS2503,2025-02-12 21:04:13.080000-11:00,205000008290,2562,2229,1435,1682,1982
CS2503,2025-02-12 21:04:13.824000-11:00,205000008290,2562,2229,1435,1682,1982
CS2503,2025-02-12 21:04:14.077000-11:00,205000008290,2562,2229,1435,1682,1982
CS2503,2025-02-12 21:04:15.106000-11:00,205000008290,2562,2229,1435,1682,1982
CS2503,2025-02-12 21:04:15.363000-11:00,205000008290,2562,2229,1435,1682,1982
CS2503,2025-02-12 21:04:15.587000-11:00,205000008290,2562,2229,1435,1682,1982
CS2503,2025-02-12 21:04:16.090000-11:00,205000008290,2562,2229,1435,1682,1982
CS2503,2025-02-12 21:04:16.355000-11:00,205000008290,2562,2229,1435,1682,1982
CS2503,2025-02-12 21:04:16.866000-11:00,205000008290,2562,2229,1435,1682,1982
CS2503,2025-02-12 21:04:17.094000-11:00,205000008290,2562,2229,1435,1682,1982
CS2503,2025-02-12 21:04:18.079000-11:00,205000008290,2562,2229,1435,1682,1982
CS2503,2025-02-12 21:04:18.858000-11:00,205000008290,2562,2229,1435,1682,1982
CS2503,2025-02-12 21:04:19.084000-11:00,205000008290,2562,2229,1435,1682,1982
CS2503,2025-02-12 21:04:20.352000-11:00,205000008290,2562,2229,1435,1682,1982
CS2503,2025-02-12 21:04:21.080000-11:00,205000008290,2562,2229,1435,1682,1982
CS2503,2025-02-12 21:04:21.356000-11:00,205000008290,2562,2229,1435,1682,1982
CS2503,2025-02-12 21:04:21.857000-11:00,205000008290,2562,2229,1435,1682,1982
CS2503,2025-02-12 21:04:22.078000-11:00,205000008290,2562,2229,1435,1682,1982
CS2503,2025-02-12 21:04:22.360000-11:00,205000008290,2562,2229,1435,1682,1982
CS2503,2025-02-12 21:04:23.854000-11:00,205000008290,2562,2229,1435,1682,1982
CS2503,2025-02-12 21:04:24.078000-11:00,205000008290,2562,2229,1435,1682,1982
CS2503,2025-02-12 21:04:25.865000-11:00,205000008290,2562,2229,1435,1682,1982
CS2503,2025-02-12 21:04:29.078000-11:00,205000008290,2562,2229,1435,1682,1982
CS2503,2025-02-12 21:04:29.323000-11:00,205000008290,2562,2229,1435,1682,1982
CS2503,2025-02-12 21:04:29.580000-11:00,205000008290,2562,2229,1435,1682,1982
CS2503,2025-02-12 21:04:30.833000-11:00,205000008290,2562,2229,1435,1682,1982
CS2503,2025-02-12 21:04:31.081000-11:00,205000008290,2562,2229,1435,1682,1982
CS2503,2025-02-12 21:04:32.083000-11:00,205000008290,2562,2229,1435,1682,1982
CS2503,2025-02-12 21:04:33.832000-11:00,205000008290,2562,2229,1435,1682,1982
CS2503,2025-02-12 21:04:34.084000-11:00,205000008290,2562,2229,1435,1682,1982
CS2503,2025-02-12 21:04:35.084000-11:00,205000008290,2562,2229,1435,1682,1982
CS2503,2025-02-12 21:04:35.582000-11:00,205000008290,2562,2229,1435,1682,1982
CS2503,2025-02-12 21:04:35.848000-11:00,205000008290,2562,2229,1435,1682,1982
CS2503,2025-02-12 21:04:36.083000-11:00,205000008290,2562,2229,1435,1682,1982
CS2503,2025-02-12 21:04:37.084000-11:00,205000008290,2562,2229,1435,1682,1982
CS2503,2025-02-12 21:04:38.083000-11:00,205000008290,2562,2229,1435,1682,1982
CS2503,2025-02-12 21:04:38.585000-11:00,205000008290,2562,2229,1435,1682,1982
CS2503,2025-02-12 21:04:39.588000-11:00,205000008290,2562,2229,1435,1682,1982
CS2503,2025-02-12 21:04:40.092000-11:00,205000008290,2562,2229,1435,1682,1982
CS2503,2025-02-12 21:04:41.089000-11:00,205000008290,2562,2229,1435,1682,1982
CS2503,2025-02-12 21:04:41.587000-11:00,205000008290,2562,2229,1435,1682,1982
CS2503,2025-02-12 21:04:41.834000-11:00,205000008290,2562,2229,1435,1682,1982
CS2503,2025-02-12 21:04:42.087000-11:00,205000008290,2562,2229,1435,1682,1982
CS2503,2025-02-12 21:04:43.080000-11:00,205000008290,2562,2229,1435,1682,1982
CS2503,2025-02-12 21:04:44.098000-11:00,205000008290,2562,2229,1435,1682,1982
CS2503,2025-02-12 21:04:44.584000-11:00,205000008290,2562,2229,1435,1682,1982
CS2503,2025-02-12 21:04:45.086000-11:00,205000008290,2562,2229,1435,1682,1982
CS2503,2025-02-12 21:04:45.860000-11:00,205000008290,2562,2229,1435,1682,1982
CS2503,2025-02-12 21:04:46.089000-11:00,205000008290,2562,2229,1435,1682,1982
CS2503,2025-02-12 21:04:47.083000-11:00,205000008290,2562,2229,1435,1682,1982
CS2503,2025-02-12 21:04:47.583000-11:00,205000008290,2562,2229,1435,1682,1982
CS2503,2025-02-12 21:04:48.082000-11:00,205000008290,2562,2229,1435,1682,1982
CS2503,2025-02-12 21:04:49.085000-11:00,205000008290,2562,2229,1435,1682,1982
CS2503,2025-02-12 21:04:49.336000-11:00,205000008290,2562,2229,1435,1682,1982
CS2503,2025-02-12 21:04:50.083000-11:00,205000008290,2562,2229,1435,1682,1982
CS2503,2025-02-12 21:04:51.084000-11:00,205000008290,2562,2229,1435,1682,1982
CS2503,2025-02-12 21:04:51.585000-11:00,205000008290,2562,2229,1435,1682,1982
CS2503,2025-02-12 21:04:52.085000-11:00,205000008290,2562,2229,1435,1682,1982
CS2503,2025-02-12 21:04:52.581000-11:00,205000008290,2562,2229,1435,1682,1982
CS2503,2025-02-12 21:04:53.085000-11:00,205000008290,2562,2229,1435,1682,1982
CS2503,2025-02-12 21:04:53.585000-11:00,205000008290,2562,2229,1435,1682,1982
CS2503,2025-02-12 21:04:54.082000-11:00,205000008290,2562,2229,1435,1682,1982
CS2503,2025-02-12 21:04:54.333000-11:00,205000008290,2562,2229,1435,1682,1982
CS2503,2025-02-12 21:04:55.082000-11:00,205000008290,2562,2229,1435,1682,1982
CS2503,2025-02-12 21:04:56.084000-11:00,205000008290,2562,2229,1435,1682,1982
CS2503,2025-02-12 21:04:56.584000-11:00,205000008290,2562,2229,1435,1682,1982
CS2503,2025-02-12 21:04:57.086000-11:00,205000008290,2562,2229,1435,1682,1982
CS2503,2025-02-12 21:04:58.080000-11:00,205000008290,2562,2229,1435,1682,1982
CS2503,2025-02-12 21:04:58.331000-11:00,205000008290,2562,2229,1435,1682,1982
CS2503,2025-02-12 21:04:58.582000-11:00,205000008290,2562,2229,1435,1682,1982
CS2503,2025-02-12 21:04:58.828000-11:00,205000008290,2562,2229,1435,1682,1982
CS2503,2025-02-12 21:04:59.081000-11:00,205000008290,2562,2229,1435,1682,1982
CS2503,2025-02-12 21:04:59.579000-11:00,205000008290,2562,2229,1435,1682,1982
CS2503,2025-02-12 21:05:00.425000-11:00,205000008290,2562,2229,1435,1682,1982
CS2503,2025-02-12 21:05:01.091000-11:00,205000008290,2562,2229,1435,1682,1982
CS2503,2025-02-12 21:05:01.360000-11:00,205000008290,2562,2229,1435,1682,1982
CS2503,2025-02-12 21:05:01.591000-11:00,205000008290,2562,2229,1435,1682,1982
CS2503,2025-02-12 21:05:01.859000-11:00,205000008290,2562,2229,1435,1682,1982
CS2503,2025-02-12 21:05:04.091000-11:00,205000008290,2562,2229,1435,1682,1982
CS2503,2025-02-12 21:05:05.085000-11:00,205000008290,2562,2229,1435,1682,1982
CS2503,2025-02-12 21:05:05.352000-11:00,205000008290,2562,2229,1435,1682,1982
CS2503,2025-02-12 21:05:06.078000-11:00,205000008290,2562,2229,1435,1682,1982
CS2503,2025-02-12 21:05:06.583000-11:00,205000008290,2562,2229,1435,1682,1982
CS2503,2025-02-12 21:05:07.087000-11:00,205000008290,2562,2229,1435,1682,1982
CS2503,2025-02-12 21:05:07.584000-11:00,205000008290,2562,2229,1435,1682,1982
CS2503,2025-02-12 21:05:08.087000-11:00,205000008290,2562,2229,1435,1682,1982
CS2503,2025-02-12 21:05:08.585000-11:00,205000008290,2562,2229,1435,1682,1982
CS2503,2025-02-12 21:05:09.082000-11:00,205000008290,2562,2229,1435,1682,1982
CS2503,2025-02-12 21:05:10.082000-11:00,205000008290,2562,2229,1435,1682,1982
CS2503,2025-02-12 21:05:11.329000-11:00,205000008290,2562,2229,1435,1682,1982
CS2503,2025-02-12 21:05:11.583000-11:00,205000008290,2562,2229,1435,1682,1982
CS2503,2025-02-12 21:05:12.852000-11:00,205000008290,2562,2229,1435,1682,1982
CS2503,2025-02-12 21:05:13.591000-11:00,205000008290,2562,2229,1435,1682,1982
CS2503,2025-02-12 21:05:14.360000-11:00,205000008290,2562,2229,1435,1682,1982
CS2503,2025-02-12 21:05:14.863000-11:00,205000008290,2562,2229,1435,1682,1982
CS2503,2025-02-12 21:05:15.091000-11:00,205000008290,2562,2229,1435,1682,1982
CS2503,2025-02-12 21:05:15.587000-11:00,205000008290,2562,2229,1435,1682,1982
CS2503,2025-02-12 21:05:16.851000-11:00,205000008290,2562,2229,1435,1682,1982
CS2503,2025-02-12 21:05:17.850000-11:00,205000008290,2562,2229,1435,1682,1982
CS2503,2025-02-12 21:05:18.079000-11:00,205000008290,2562,2229,1435,1682,1982
CS2503,2025-02-12 21:05:18.581000-11:00,205000008290,2562,2229,1435,1682,1982
CS2503,2025-02-12 21:05:19.080000-11:00,205000008290,2562,2229,1435,1682,1982
CS2503,2025-02-12 21:05:19.579000-11:00,205000008290,2562,2229,1435,1682,1982
CS2503,2025-02-12 21:05:20.583000-11:00,205000008290,2562,2229,1435,1682,1982
CS2503,2025-02-12 21:05:21.088000-11:00,205000008290,2562,2229,1435,1682,1982
CS2503,2025-02-12 21:05:21.586000-11:00,205000008290,2562,2229,1435,1682,1982
CS2503,2025-02-12 21:05:22.855000-11:00,205000008290,2562,2229,1435,1682,1982
CS2503,2025-02-12 21:05:23.090000-11:00,205000008290,2562,2229,1435,1682,1982
CS2503,2025-02-12 21:05:23.586000-11:00,205000008290,2562,2229,1435,1682,1982
CS2503,2025-02-12 21:05:24.084000-11:00,205000008290,2562,2229,1435,1682,1982
CS2503,2025-02-12 21:05:24.828000-11:00,205000008290,2562,2229,1435,1682,1982
CS2503,2025-02-12 21:05:25.082000-11:00,205000008290,2562,2229,1435,1682,1982
CS2503,2025-02-12 21:05:25.351000-11:00,205000008290,2562,2229,1435,1682,1982
CS2503,2025-02-12 21:05:25.582000-11:00,205000008290,2562,2229,1435,1682,1982
CS2503,2025-02-12 21:05:27.581000-11:00,205000008290,2562,2229,1435,1682,1982
CS2503,2025-02-12 21:05:27.851000-11:00,205000008290,2562,2229,1435,1682,1982
CS2503,2025-02-12 21:05:28.383000-11:00,205000008290,2562,2229,1435,1682,1982
CS2503,2025-02-12 21:05:28.850000-11:00,205000008290,2562,2229,1435,1682,1982
CS2503,2025-02-12 21:05:30.085000-11:00,205000008290,2562,2229,1435,1682,1982
CS2503,2025-02-12 21:05:30.586000-11:00,205000008290,2562,2229,1435,1682,1982
CS2503,2025-02-12 21:05:31.095000-11:00,205000008290,2562,2229,1435,1682,1982
CS2503,2025-02-12 21:05:31.856000-11:00,205000008290,2562,2229,1435,1682,1982
CS2503,2025-02-12 21:05:32.078000-11:00,205000008290,2562,2229,1435,1682,1982
CS2503,2025-02-12 21:05:32.580000-11:00,205000008290,2562,2229,1435,1682,1982
CS2503,2025-02-12 21:05:32.830000-11:00,205000008290,2562,2229,1435,1682,1982
CS2503,2025-02-12 21:05:35.097000-11:00,205000008290,2562,2229,1435,1682,1982
CS2503,2025-02-12 21:05:35.356000-11:00,205000008290,2562,2229,1435,1682,1982
CS2503,2025-02-12 21:05:37.076000-11:00,205000008290,2562,2229,1435,1682,1982
CS2503,2025-02-12 21:05:37.576000-11:00,205000008290,2562,2229,1435,1682,1982
CS2503,2025-02-12 21:05:37.852000-11:00,205000008290,2562,2229,1435,1682,1982
CS2503,2025-02-12 21:05:41.582000-11:00,205000008290,2562,2229,1435,1682,1982
CS2503,2025-02-12 21:05:42.852000-11:00,205000008290,2562,2229,1435,1682,1982
CS2503,2025-02-12 21:05:44.080000-11:00,205000008290,2562,2229,1435,1682,1982
CS2503,2025-02-12 21:05:44.579000-11:00,205000008290,2562,2229,1435,1682,1982
CS2503,2025-02-12 21:05:45.077000-11:00,205000008290,2562,2229,1435,1682,1982
CS2503,2025-02-12 21:05:46.084000-11:00,205000008290,2562,2229,1435,1682,1982
CS2503,2025-02-12 21:05:47.849000-11:00,205000008290,2562,2229,1435,1682,1982
CS2503,2025-02-12 21:05:48.077000-11:00,205000008290,2562,2229,1435,1682,1982
CS2503,2025-02-12 21:05:50.575000-11:00,205000008290,2562,2229,1435,1682,1982
CS2503,2025-02-12 21:05:51.073000-11:00,205000008290,2562,2229,1435,1682,1982
CS2503,2025-02-12 21:05:51.350000-11:00,205000008290,2562,2229,1435,1682,1982
CS2503,2025-02-12 21:05:51.579000-11:00,205000008290,2562,2229,1435,1682,1982
CS2503,2025-02-12 21:05:52.850000-11:00,205000008290,2562,2229,1435,1682,1982
CS2503,2025-02-12 21:05:53.076000-11:00,205000008290,2562,2229,1435,1682,1982
CS2503,2025-02-12 21:05:54.350000-11:00,205000008290,2562,2229,1435,1682,1982
CS2503,2025-02-12 21:05:55.086000-11:00,205000008290,2562,2229,1435,1682,1982
CS2503,2025-02-12 21:05:55.589000-11:00,205000008290,2562,2229,1435,1682,1982
CS2503,2025-02-12 21:05:57.575000-11:00,205000008290,2562,2229,1435,1682,1982
CS2503,2025-02-12 21:05:57.823000-11:00,205000008290,2562,2229,1435,1682,1982
CS2503,2025-02-12 21:05:58.077000-11:00,205000008290,2562,2229,1435,1682,1982
CS2503,2025-02-12 21:05:59.593000-11:00,205000008290,2562,2229,1435,1682,1982
CS2503,2025-02-12 21:06:00.089000-11:00,205000008290,2562,2229,1435,1682,1982
CS2503,2025-02-12 21:06:01.086000-11:00,205000008290,2562,2229,1435,1682,1982
CS2503,2025-02-12 21:06:01.587000-11:00,205000008290,2562,2229,1435,1682,1982
CS2503,2025-02-12 21:06:02.853000-11:00,205000008290,2562,2229,1435,1682,1982
CS2503,2025-02-12 21:06:03.077000-11:00,205000008290,2562,2229,1435,1682,1982
CS2503,2025-02-12 21:06:04.089000-11:00,205000008290,2562,2229,1435,1682,1982
CS2503,2025-02-12 21:06:04.864000-11:00,205000008290,2562,2229,1435,1682,1982
CS2503,2025-02-12 21:06:05.092000-11:00,205000008290,2562,2229,1435,1682,1982
CS2503,2025-02-12 21:06:05.593000-11:00,205000008290,2562,2229,1435,1682,1982
CS2503,2025-02-12 21:06:07.614000-11:00,205000008290,2562,2229,1435,1682,1982
CS2503,2025-02-12 21:06:07.864000-11:00,205000008290,2562,2229,1435,1682,1982
CS2503,2025-02-12 21:06:08.584000-11:00,205000008290,2562,2229,1435,1682,1982
CS2503,2025-02-12 21:06:09.085000-11:00,205000008290,2562,2229,1435,1682,1982
CS2503,2025-02-12 21:06:09.355000-11:00,205000008290,2562,2229,1435,1682,1982
CS2503,2025-02-12 21:06:10.592000-11:00,205000008290,2562,2229,1435,1682,1982
CS2503,2025-02-12 21:06:11.083000-11:00,205000008290,2562,2229,1435,1682,1982
CS2503,2025-02-12 21:06:12.822000-11:00,205000008290,2562,2229,1435,1682,1982
CS2503,2025-02-12 21:06:13.573000-11:00,205000008290,2562,2229,1435,1682,1982
CS2503,2025-02-12 21:06:14.082000-11:00,205000008290,2562,2229,1435,1682,1982
CS2503,2025-02-12 21:06:15.078000-11:00,205000008290,2562,2229,1435,1682,1982
CS2503,2025-02-12 21:06:16.070000-11:00,205000008290,2562,2229,1435,1682,1982
CS2503,2025-02-12 21:06:16.573000-11:00,205000008290,2562,2229,1435,1682,1982
CS2503,2025-02-12 21:06:17.073000-11:00,205000008290,2562,2229,1435,1682,1982
CS2503,2025-02-12 21:06:17.823000-11:00,205000008290,2562,2229,1435,1682,1982
CS2503,2025-02-12 21:06:19.389000-11:00,205000008290,2562,2229,1435,1682,1982
CS2503,2025-02-12 21:06:19.632000-11:00,205000008290,2562,2229,1435,1682,1982
CS2503,2025-02-12 21:06:20.358000-11:00,205000008290,2562,2229,1435,1682,1982
CS2503,2025-02-12 21:06:21.080000-11:00,205000008290,2562,2229,1435,1682,1982
CS2503,2025-02-12 21:06:21.856000-11:00,205000008290,2562,2229,1435,1682,1982
CS2503,2025-02-12 21:06:22.074000-11:00,205000008290,2562,2229,1435,1682,1982
CS2503,2025-02-12 21:06:22.574000-11:00,205000008290,2562,2229,1435,1682,1982
CS2503,2025-02-12 21:06:22.854000-11:00,205000008290,2562,2229,1435,1682,1982
CS2503,2025-02-12 21:06:23.077000-11:00,205000008290,2562,2229,1435,1682,1982
CS2503,2025-02-12 21:06:25.076000-11:00,205000008290,2562,2229,1435,1682,1982
CS2503,2025-02-12 21:06:25.352000-11:00,205000008290,2562,2229,1435,1682,1982
CS2503,2025-02-12 21:06:26.357000-11:00,205000008290,2562,2229,1435,1682,1982
CS2503,2025-02-12 21:06:27.583000-11:00,205000008290,2562,2229,1435,1682,1982
CS2503,2025-02-12 21:06:27.823000-11:00,205000008290,2562,2229,1435,1682,1982
CS2503,2025-02-12 21:06:29.594000-11:00,205000008290,2562,2229,1435,1682,1982
CS2503,2025-02-12 21:06:30.353000-11:00,205000008290,2562,2229,1435,1682,1982
CS2503,2025-02-12 21:06:30.583000-11:00,205000008290,2562,2229,1435,1682,1982
CS2503,2025-02-12 21:06:31.085000-11:00,205000008290,2562,2229,1435,1682,1982
CS2503,2025-02-12 21:06:32.083000-11:00,205000008290,2562,2229,1435,1682,1982
CS2503,2025-02-12 21:06:32.831000-11:00,205000008290,2562,2229,1435,1682,1982
CS2503,2025-02-12 21:06:33.081000-11:00,205000008290,2562,2229,1435,1682,1982
CS2503,2025-02-12 21:06:33.602000-11:00,205000008290,2562,2229,1435,1682,1982
CS2503,2025-02-12 21:06:33.859000-11:00,205000008290,2562,2229,1435,1682,1982
CS2503,2025-02-12 21:06:35.846000-11:00,205000008290,2562,2229,1435,1682,1982
CS2503,2025-02-12 21:06:36.082000-11:00,205000008290,2562,2229,1435,1682,1982
CS2503,2025-02-12 21:06:37.834000-11:00,205000008290,2562,2229,1435,1682,1982
CS2503,2025-02-12 21:06:39.081000-11:00,205000008290,2562,2229,1435,1682,1982
CS2503,2025-02-12 21:06:41.596000-11:00,205000008290,2562,2229,1435,1682,1982
CS2503,2025-02-12 21:06:42.874000-11:00,205000008290,2562,2229,1435,1682,1982
CS2503,2025-02-12 21:06:43.102000-11:00,205000008290,2562,2229,1435,1682,1982
CS2503,2025-02-12 21:06:43.590000-11:00,205000008290,2562,2229,1435,1682,1982
CS2503,2025-02-12 21:06:44.364000-11:00,205000008290,2562,2229,1435,1682,1982
CS2503,2025-02-12 21:06:45.081000-11:00,205000008290,2562,2229,1435,1682,1982
CS2503,2025-02-12 21:06:45.850000-11:00,205000008290,2562,2229,1435,1682,1982
CS2503,2025-02-12 21:06:47.827000-11:00,205000008290,2562,2229,1435,1682,1982
CS2503,2025-02-12 21:06:51.090000-11:00,205000008290,2562,2229,1435,1682,1982
CS2503,2025-02-12 21:06:52.092000-11:00,205000008290,2562,2229,1435,1682,1982
CS2503,2025-02-12 21:06:52.350000-11:00,205000008290,2562,2229,1435,1682,1982
CS2503,2025-02-12 21:06:52.582000-11:00,205000008290,2562,2229,1435,1682,1982
CS2503,2025-02-12 21:06:52.832000-11:00,205000008290,2562,2229,1435,1682,1982
CS2503,2025-02-12 21:06:53.080000-11:00,205000008290,2562,2229,1435,1682,1982
CS2503,2025-02-12 21:06:55.828000-11:00,205000008290,2562,2229,1435,1682,1982
CS2503,2025-02-12 21:06:57.866000-11:00,205000008290,2562,2229,1435,1682,1982
CS2503,2025-02-12 21:06:59.580000-11:00,205000008290,2562,2229,1435,1682,1982
CS2503,2025-02-12 21:07:01.831000-11:00,205000008290,2562,2229,1435,1682,1982
CS2503,2025-02-12 21:07:02.079000-11:00,205000008290,2562,2229,1435,1682,1982
CS2503,2025-02-12 21:07:02.857000-11:00,205000008290,2562,2229,1435,1682,1982
CS2503,2025-02-12 21:07:03.079000-11:00,205000008290,2562,2229,1435,1682,1982
CS2503,2025-02-12 21:07:04.076000-11:00,205000008290,2562,2229,1435,1682,1982
CS2503,2025-02-12 21:07:04.328000-11:00,205000008290,2562,2229,1435,1682,1982
CS2503,2025-02-12 21:07:07.827000-11:00,205000008290,2562,2229,1435,1682,1982
CS2503,2025-02-12 21:07:09.580000-11:00,205000008290,2562,2229,1435,1682,1982
CS2503,2025-02-12 21:07:09.856000-11:00,205000008290,2562,2229,1435,1682,1982
CS2503,2025-02-12 21:07:11.627000-11:00,205000008290,2562,2229,1435,1682,1982
CS2503,2025-02-12 21:07:12.327000-11:00,205000008290,2562,2229,1435,1682,1982
CS2503,2025-02-12 21:07:12.580000-11:00,205000008290,2562,2229,1435,1682,1982
CS2503,2025-02-12 21:07:12.823000-11:00,205000008290,2562,2229,1435,1682,1982
CS2503,2025-02-12 21:07:17.828000-11:00,205000008290,2562,2229,1435,1682,1982
CS2503,2025-02-12 21:07:18.573000-11:00,205000008290,2562,2229,1435,1682,1982
CS2503,2025-02-12 21:07:19.576000-11:00,205000008290,2562,2229,1435,1682,1982
CS2503,2025-02-12 21:07:19.826000-11:00,205000008290,2562,2229,1435,1682,1982
CS2503,2025-02-12 21:07:21.579000-11:00,205000008290,2562,2229,1435,1682,1982
CS2503,2025-02-12 21:07:22.081000-11:00,205000008290,2562,2229,1435,1682,1982
CS2503,2025-02-12 21:07:22.575000-11:00,205000008290,2562,2229,1435,1682,1982
CS2503,2025-02-12 21:07:22.824000-11:00,205000008290,2562,2229,1435,1682,1982
CS2503,2025-02-12 21:07:27.856000-11:00,205000008290,2562,2229,1435,1682,1982
CS2503,2025-02-12 21:07:28.088000-11:00,205000008290,2562,2229,1435,1682,1982
CS2503,2025-02-12 21:07:29.862000-11:00,205000008290,2562,2229,1435,1682,1982
CS2503,2025-02-12 21:07:32.849000-11:00,205000008290,2562,2229,1435,1682,1982
CS2503,2025-02-12 21:07:33.081000-11:00,205000008290,2562,2229,1435,1682,1982
CS2503,2025-02-12 21:07:33.582000-11:00,205000008290,2562,2229,1435,1682,1982
CS2503,2025-02-12 21:07:36.826000-11:00,205000008290,2562,2229,1435,1682,1982
CS2503,2025-02-12 21:07:37.826000-11:00,205000008290,2562,2229,1435,1682,1982
CS2503,2025-02-12 21:07:39.079000-11:00,205000008290,2562,2229,1435,1682,1982
CS2503,2025-02-12 21:07:42.075000-11:00,205000008290,2562,2229,1435,1682,1982
CS2503,2025-02-12 21:07:42.855000-11:00,205000008290,2562,2229,1435,1682,1982
CS2503,2025-02-12 21:07:48.082000-11:00,205000008290,2562,2229,1435,1682,1982
CS2503,2025-02-12 21:07:48.825000-11:00,205000008290,2562,2229,1435,1682,1982
CS2503,2025-02-12 21:07:49.882000-11:00,205000008290,2562,2229,1435,1682,1982
CS2503,2025-02-12 21:07:50.093000-11:00,205000008290,2562,2229,1435,1682,1982
CS2503,2025-02-12 21:07:50.615000-11:00,205000008290,2562,2229,1435,1682,1982
CS2503,2025-02-12 21:07:51.082000-11:00,205000008290,2562,2229,1435,1682,1982
CS2503,2025-02-12 21:07:53.075000-11:00,205000008290,2562,2229,1435,1682,1982
CS2503,2025-02-12 21:07:54.820000-11:00,205000008290,2562,2229,1435,1682,1982
CS2503,2025-02-12 21:07:55.576000-11:00,205000008290,2562,2229,1435,1682,1982
CS2503,2025-02-12 21:07:58.074000-11:00,205000008290,2562,2229,1435,1682,1982
CS2503,2025-02-12 21:08:00.572000-11:00,205000008290,2562,2229,1435,1682,1982
CS2503,2025-02-12 21:08:00.820000-11:00,205000008290,2562,2229,1435,1682,1982
CS2503,2025-02-12 21:08:01.079000-11:00,205000008290,2562,2229,1435,1682,1982
CS2503,2025-02-12 21:08:01.574000-11:00,205000008290,2562,2229,1435,1682,1982
CS2503,2025-02-12 21:08:02.075000-11:00,205000008290,2562,2229,1435,1682,1982
CS2503,2025-02-12 21:08:02.322000-11:00,205000008290,2562,2229,1435,1682,1982
CS2503,2025-02-12 21:08:03.072000-11:00,205000008290,2562,2229,1435,1682,1982
CS2503,2025-02-12 21:08:05.574000-11:00,205000008290,2562,2229,1435,1682,1982
CS2503,2025-02-12 21:08:06.323000-11:00,205000008290,2562,2229,1435,1682,1982
CS2503,2025-02-12 21:08:07.596000-11:00,205000008290,2562,2229,1435,1682,1982
CS2503,2025-02-12 21:08:08.068000-11:00,205000008290,2562,2229,1435,1682,1982
CS2503,2025-02-12 21:08:09.319000-11:00,205000008290,2562,2229,1435,1682,1982
CS2503,2025-02-12 21:08:09.571000-11:00,205000008290,2562,2229,1435,1682,1982
CS2503,2025-02-12 21:08:11.570000-11:00,205000008290,2562,2229,1435,1682,1982
CS2503,2025-02-12 21:08:12.850000-11:00,205000008290,2562,2229,1435,1682,1982
CS2503,2025-02-12 21:08:13.073000-11:00,205000008290,2562,2229,1435,1682,1982
CS2503,2025-02-12 21:08:18.105000-11:00,205000008290,2562,2229,1435,1682,1982
CS2503,2025-02-12 21:08:20.074000-11:00,205000008290,2562,2229,1435,1682,1982
CS2503,2025-02-12 21:08:20.573000-11:00,205000008290,2562,2229,1435,1682,1982
CS2503,2025-02-12 21:08:21.069000-11:00,205000008290,2562,2229,1435,1682,1982
CS2503,2025-02-12 21:08:21.323000-11:00,205000008290,2562,2229,1435,1682,1982
CS2503,2025-02-12 21:08:22.322000-11:00,205000008290,2562,2229,1435,1682,1982
CS2503,2025-02-12 21:08:23.068000-11:00,205000008290,2562,2229,1435,1682,1982
CS2503,2025-02-12 21:08:23.318000-11:00,205000008290,2562,2229,1435,1682,1982
CS2503,2025-02-12 21:08:25.073000-11:00,205000008290,2562,2229,1435,1682,1982
CS2503,2025-02-12 21:08:27.067000-11:00,205000008290,2562,2229,1435,1682,1982
CS2503,2025-02-12 21:08:27.317000-11:00,205000008290,2562,2229,1435,1682,1982
CS2503,2025-02-12 21:08:27.571000-11:00,205000008290,2562,2229,1435,1682,1982
CS2503,2025-02-12 21:08:27.822000-11:00,205000008290,2562,2229,1435,1682,1982
CS2503,2025-02-12 21:08:28.072000-11:00,205000008290,2562,2229,1435,1682,1982
CS2503,2025-02-12 21:08:31.594000-11:00,205000008290,2562,2229,1435,1682,1982
CS2503,2025-02-12 21:08:32.079000-11:00,205000008290,2562,2229,1435,1682,1982
CS2503,2025-02-12 21:08:33.591000-11:00,205000008290,2562,2229,1435,1682,1982
CS2503,2025-02-12 21:08:34.087000-11:00,205000008290,2562,2229,1435,1682,1982
CS2503,2025-02-12 21:08:34.580000-11:00,205000008290,2562,2229,1435,1682,1982
CS2503,2025-02-12 21:08:35.350000-11:00,205000008290,2562,2229,1435,1682,1982
CS2503,2025-02-12 21:08:36.077000-11:00,205000008290,2562,2229,1435,1682,1982
CS2503,2025-02-12 21:08:37.077000-11:00,205000008290,2562,2229,1435,1682,1982
CS2503,2025-02-12 21:08:38.326000-11:00,205000008290,2562,2229,1435,1682,1982
CS2503,2025-02-12 21:08:38.858000-11:00,205000008290,2562,2229,1435,1682,1982
CS2503,2025-02-12 21:08:39.846000-11:00,205000008290,2562,2229,1435,1682,1982
CS2503,2025-02-12 21:08:40.829000-11:00,205000008290,2562,2229,1435,1682,1982
CS2503,2025-02-12 21:08:42.824000-11:00,205000008290,2562,2229,1435,1682,1982
CS2503,2025-02-12 21:08:43.076000-11:00,205000008290,2562,2229,1435,1682,1982
CS2503,2025-02-12 21:08:45.585000-11:00,205000008290,2562,2229,1435,1682,1982
CS2503,2025-02-12 21:08:47.078000-11:00,205000008290,2562,2229,1435,1682,1982
CS2503,2025-02-12 21:08:50.825000-11:00,205000008290,2562,2229,1435,1682,1982
CS2503,2025-02-12 21:08:51.076000-11:00,205000008290,2562,2229,1435,1682,1982
CS2503,2025-02-12 21:08:52.075000-11:00,205000008290,2562,2229,1435,1682,1982
CS2503,2025-02-12 21:08:53.849000-11:00,205000008290,2562,2229,1435,1682,1982
CS2503,2025-02-12 21:08:56.858000-11:00,205000008290,2562,2229,1435,1682,1982
CS2503,2025-02-12 21:08:58.076000-11:00,205000008290,2562,2229,1435,1682,1982
CS2503,2025-02-12 21:08:59.077000-11:00,205000008290,2562,2229,1435,1682,1982
CS2503,2025-02-12 21:09:00.075000-11:00,205000008290,2562,2229,1435,1682,1982
CS2503,2025-02-12 21:09:00.325000-11:00,205000008290,2562,2229,1435,1682,1982
CS2503,2025-02-12 21:09:00.579000-11:00,205000008290,2562,2229,1435,1682,1982
CS2503,2025-02-12 21:09:00.824000-11:00,205000008290,2562,2229,1435,1682,1982
CS2503,2025-02-12 21:09:01.078000-11:00,205000008290,2562,2229,1435,1682,1982
CS2503,2025-02-12 21:09:01.326000-11:00,205000008290,2562,2229,1435,1682,1982
CS2503,2025-02-12 21:09:02.075000-11:00,205000008290,2562,2229,1435,1682,1982
CS2503,2025-02-12 21:09:03.078000-11:00,205000008290,2562,2229,1435,1682,1982
CS2503,2025-02-12 21:09:03.576000-11:00,205000008290,2562,2229,1435,1682,1982
CS2503,2025-02-12 21:09:07.075000-11:00,205000008290,2562,2229,1435,1682,1982
CS2503,2025-02-12 21:09:11.078000-11:00,205000008290,2562,2229,1435,1682,1982
CS2503,2025-02-12 21:09:13.079000-11:00,205000008290,2562,2229,1435,1682,1982
CS2503,2025-02-12 21:09:13.577000-11:00,205000008290,2562,2229,1435,1682,1982
CS2503,2025-02-12 21:09:15.076000-11:00,205000008290,2562,2229,1435,1682,1982
CS2503,2025-02-12 21:09:17.075000-11:00,205000008290,2562,2229,1435,1682,1982
CS2503,2025-02-12 21:09:19.326000-11:00,205000008290,2562,2229,1435,1682,1982
CS2503,2025-02-12 21:09:19.575000-11:00,205000008290,2562,2229,1435,1682,1982
CS2503,2025-02-12 21:09:19.825000-11:00,205000008290,2562,2229,1435,1682,1982
CS2503,2025-02-12 21:09:20.075000-11:00,205000008290,2562,2229,1435,1682,1982
CS2503,2025-02-12 21:09:20.847000-11:00,205000008290,2562,2229,1435,1682,1982
CS2503,2025-02-12 21:09:21.853000-11:00,205000008290,2562,2229,1435,1682,1982
CS2503,2025-02-12 21:09:22.847000-11:00,205000008290,2562,2229,1435,1682,1982
CS2503,2025-02-12 21:09:23.572000-11:00,205000008290,2562,2229,1435,1682,1982
CS2503,2025-02-12 21:09:24.575000-11:00,205000008290,2562,2229,1435,1682,1982
CS2503,2025-02-12 21:09:25.821000-11:00,205000008290,2562,2229,1435,1682,1982
CS2503,2025-02-12 21:09:26.078000-11:00,205000008290,2562,2229,1435,1682,1982
CS2503,2025-02-12 21:09:26.325000-11:00,205000008290,2562,2229,1435,1682,1982
CS2503,2025-02-12 21:09:26.573000-11:00,205000008290,2562,2229,1435,1682,1982
CS2503,2025-02-12 21:09:28.075000-11:00,205000008290,2562,2229,1435,1682,1982
CS2503,2025-02-12 21:09:28.585000-11:00,205000008290,2562,2229,1435,1682,1982
CS2503,2025-02-12 21:09:30.842000-11:00,205000008290,2562,2229,1435,1682,1982
CS2503,2025-02-12 21:09:31.097000-11:00,205000008290,2562,2229,1435,1682,1982
CS2503,2025-02-12 21:09:31.328000-11:00,205000008290,2562,2229,1435,1682,1982
CS2503,2025-02-12 21:09:31.579000-11:00,205000008290,2562,2229,1435,1682,1982
CS2503,2025-02-12 21:09:32.320000-11:00,205000008290,2562,2229,1435,1682,1982
CS2503,2025-02-12 21:09:33.076000-11:00,205000008290,2562,2229,1435,1682,1982
CS2503,2025-02-12 21:09:33.358000-11:00,205000008290,2562,2229,1435,1682,1982
CS2503,2025-02-12 21:09:33.845000-11:00,205000008290,2562,2229,1435,1682,1982
CS2503,2025-02-12 21:09:34.325000-11:00,205000008290,2562,2229,1435,1682,1982
CS2503,2025-02-12 21:09:34.818000-11:00,205000008290,2562,2229,1435,1682,1982
CS2503,2025-02-12 21:09:36.077000-11:00,205000008290,2562,2229,1435,1682,1982
CS2503,2025-02-12 21:09:36.348000-11:00,205000008290,2562,2229,1435,1682,1982
CS2503,2025-02-12 21:09:36.821000-11:00,205000008290,2562,2229,1435,1682,1982
CS2503,2025-02-12 21:09:37.822000-11:00,205000008290,2562,2229,1435,1682,1982
CS2503,2025-02-12 21:09:40.573000-11:00,205000008290,2562,2229,1435,1682,1982
CS2503,2025-02-12 21:09:44.823000-11:00,205000008290,2562,2229,1435,1682,1982
CS2503,2025-02-12 21:09:46.349000-11:00,205000008290,2562,2229,1435,1682,1982
CS2503,2025-02-12 21:09:47.082000-11:00,205000008290,2562,2229,1435,1682,1982
CS2503,2025-02-12 21:09:48.074000-11:00,205000008290,2562,2229,1435,1682,1982
CS2503,2025-02-12 21:09:48.320000-11:00,205000008290,2562,2229,1435,1682,1982
CS2503,2025-02-12 21:09:50.816000-11:00,205000008290,2562,2229,1435,1682,1982
CS2503,2025-02-12 21:09:52.071000-11:00,205000008290,2562,2229,1435,1682,1982
CS2503,2025-02-12 21:09:52.568000-11:00,205000008290,2562,2229,1435,1682,1982
CS2503,2025-02-12 21:09:53.569000-11:00,205000008290,2562,2229,1435,1682,1982
CS2503,2025-02-12 21:09:54.072000-11:00,205000008290,2562,2229,1435,1682,1982
CS2503,2025-02-12 21:09:57.819000-11:00,205000008290,2562,2229,1435,1682,1982
CS2503,2025-02-12 21:10:01.112000-11:00,205000008290,2562,2229,1435,1682,1982
CS2503,2025-02-12 21:10:01.823000-11:00,205000008290,2562,2229,1435,1682,1982
CS2503,2025-02-12 21:10:02.070000-11:00,205000008290,2562,2229,1435,1682,1982
CS2503,2025-02-12 21:10:02.848000-11:00,205000008290,2562,2229,1435,1682,1982
CS2503,2025-02-12 21:10:03.071000-11:00,205000008290,2562,2229,1435,1682,1982
CS2503,2025-02-12 21:10:05.068000-11:00,205000008290,2562,2229,1435,1682,1982
CS2503,2025-02-12 21:10:07.848000-11:00,205000008290,2562,2229,1435,1682,1982
CS2503,2025-02-12 21:10:08.074000-11:00,205000008290,2562,2229,1435,1682,1982
CS2503,2025-02-12 21:10:10.316000-11:00,205000008290,2562,2229,1435,1682,1982
CS2503,2025-02-12 21:10:11.817000-11:00,205000008290,2562,2229,1435,1682,1982
CS2503,2025-02-12 21:10:13.072000-11:00,205000008290,2562,2229,1435,1682,1982
CS2503,2025-02-12 21:10:14.067000-11:00,205000008290,2562,2229,1435,1682,1982
CS2503,2025-02-12 21:10:19.846000-11:00,205000008290,2562,2229,1435,1682,1982
CS2503,2025-02-12 21:10:22.344000-11:00,205000008290,2562,2229,1435,1682,1982
CS2503,2025-02-12 21:10:25.314000-11:00,205000008290,2562,2229,1435,1682,1982
CS2503,2025-02-12 21:10:26.312000-11:00,205000008290,2562,2229,1435,1682,1982
CS2503,2025-02-12 21:10:26.819000-11:00,205000008290,2562,2229,1435,1682,1982
CS2503,2025-02-12 21:10:27.819000-11:00,205000008290,2562,2229,1435,1682,1982
CS2503,2025-02-12 21:10:28.567000-11:00,205000008290,2562,2229,1435,1682,1982
CS2503,2025-02-12 21:10:30.096000-11:00,205000008290,2562,2229,1435,1682,1982
CS2503,2025-02-12 21:10:30.359000-11:00,205000008290,2562,2229,1435,1682,1982
CS2503,2025-02-12 21:10:30.584000-11:00,205000008290,2562,2229,1435,1682,1982
CS2503,2025-02-12 21:10:31.087000-11:00,205000008290,2562,2229,1435,1682,1982
CS2503,2025-02-12 21:10:31.828000-11:00,205000008290,2562,2229,1435,1682,1982
CS2503,2025-02-12 21:10:32.086000-11:00,205000008290,2562,2229,1435,1682,1982
CS2503,2025-02-12 21:10:33.075000-11:00,205000008290,2562,2229,1435,1682,1982
CS2503,2025-02-12 21:10:33.349000-11:00,205000008290,2562,2229,1435,1682,1982
CS2503,2025-02-12 21:10:33.859000-11:00,205000008290,2562,2229,1435,1682,1982
CS2503,2025-02-12 21:10:34.092000-11:00,205000008290,2562,2229,1435,1682,1982
CS2503,2025-02-12 21:10:34.331000-11:00,205000008290,2562,2229,1435,1682,1982
CS2503,2025-02-12 21:10:34.579000-11:00,205000008290,2562,2229,1435,1682,1982
CS2503,2025-02-12 21:10:35.326000-11:00,205000008290,2562,2229,1435,1682,1982
CS2503,2025-02-12 21:10:35.575000-11:00,205000008290,2562,2229,1435,1682,1982
CS2503,2025-02-12 21:10:36.590000-11:00,205000008290,2562,2229,1435,1682,1982
CS2503,2025-02-12 21:10:37.326000-11:00,205000008290,2562,2229,1435,1682,1982
CS2503,2025-02-12 21:10:37.848000-11:00,205000008290,2562,2229,1435,1682,1982
CS2503,2025-02-12 21:10:40.079000-11:00,205000008290,2562,2229,1435,1682,1982
CS2503,2025-02-12 21:10:40.578000-11:00,205000008290,2562,2229,1435,1682,1982
CS2503,2025-02-12 21:10:42.092000-11:00,205000008290,2562,2229,1435,1682,1982
CS2503,2025-02-12 21:10:43.874000-11:00,205000008290,2562,2229,1435,1682,1982
CS2503,2025-02-12 21:10:44.361000-11:00,205000008290,2562,2229,1435,1682,1982
CS2503,2025-02-12 21:10:45.348000-11:00,205000008290,2562,2229,1435,1682,1982
CS2503,2025-02-12 21:10:50.329000-11:00,205000008290,2562,2229,1435,1682,1982
CS2503,2025-02-12 21:10:53.823000-11:00,205000008290,2562,2229,1435,1682,1982
CS2503,2025-02-12 21:10:55.825000-11:00,205000008290,2562,2229,1435,1682,1982
CS2503,2025-02-12 21:10:59.073000-11:00,205000008290,2562,2229,1435,1682,1982
CS2503,2025-02-12 21:11:01.095000-11:00,205000008290,2562,2229,1435,1682,1982
CS2503,2025-02-12 21:11:01.590000-11:00,205000008290,2562,2229,1435,1682,1982
CS2503,2025-02-12 21:11:02.580000-11:00,205000008290,2562,2229,1435,1682,1982
CS2503,2025-02-12 21:11:03.078000-11:00,205000008290,2562,2229,1435,1682,1982
CS2503,2025-02-12 21:11:03.575000-11:00,205000008290,2562,2229,1435,1682,1982
CS2503,2025-02-12 21:11:11.576000-11:00,205000008290,2562,2229,1435,1682,1982
CS2503,2025-02-12 21:11:11.823000-11:00,205000008290,2562,2229,1435,1682,1982
CS2503,2025-02-12 21:11:13.583000-11:00,205000008290,2562,2229,1435,1682,1982
CS2503,2025-02-12 21:11:14.073000-11:00,205000008290,2562,2229,1435,1682,1982
CS2503,2025-02-12 21:11:16.847000-11:00,205000008290,2562,2229,1435,1682,1982
CS2503,2025-02-12 21:11:17.076000-11:00,205000008290,2562,2229,1435,1682,1982
CS2503,2025-02-12 21:11:17.573000-11:00,205000008290,2562,2229,1435,1682,1982
CS2503,2025-02-12 21:11:17.848000-11:00,205000008290,2562,2229,1435,1682,1982
CS2503,2025-02-12 21:11:19.365000-11:00,205000008290,2562,2229,1435,1682,1982
CS2503,2025-02-12 21:11:19.611000-11:00,205000008290,2562,2229,1435,1682,1982
CS2503,2025-02-12 21:11:20.078000-11:00,205000008290,2562,2229,1435,1682,1982
CS2503,2025-02-12 21:11:21.082000-11:00,205000008290,2562,2229,1435,1682,1982
CS2503,2025-02-12 21:11:21.322000-11:00,205000008290,2562,2229,1435,1682,1982
CS2503,2025-02-12 21:11:22.849000-11:00,205000008290,2562,2229,1435,1682,1982
CS2503,2025-02-12 21:11:23.578000-11:00,205000008290,2562,2229,1435,1682,1982
CS2503,2025-02-12 21:11:24.844000-11:00,205000008290,2562,2229,1435,1682,1982
CS2503,2025-02-12 21:11:33.571000-11:00,205000008290,2562,2229,1435,1682,1982
CS2503,2025-02-12 21:11:41.317000-11:00,205000008290,2562,2229,1435,1682,1982
CS2503,2025-02-12 21:11:42.067000-11:00,205000008290,2562,2229,1435,1682,1982
CS2503,2025-02-12 21:11:43.317000-11:00,205000008290,2562,2229,1435,1682,1982
CS2503,2025-02-12 21:11:43.566000-11:00,205000008290,2562,2229,1435,1682,1982
CS2503,2025-02-12 21:11:47.069000-11:00,205000008290,2562,2229,1435,1682,1982
CS2503,2025-02-12 21:11:47.815000-11:00,205000008290,2562,2229,1435,1682,1982
CS2503,2025-02-12 21:11:48.314000-11:00,205000008290,2562,2229,1435,1682,1982
CS2503,2025-02-12 21:11:48.567000-11:00,205000008290,2562,2229,1435,1682,1982
CS2503,2025-02-12 21:11:49.565000-11:00,205000008290,2562,2229,1435,1682,1982
CS2503,2025-02-12 21:11:54.342000-11:00,205000008290,2562,2229,1435,1682,1982
CS2503,2025-02-12 21:11:55.066000-11:00,205000008290,2562,2229,1435,1682,1982
CS2503,2025-02-12 21:11:56.862000-11:00,205000008290,2562,2229,1435,1682,1982
CS2503,2025-02-12 21:12:00.106000-11:00,205000008290,2562,2229,1435,1682,1982
CS2503,2025-02-12 21:12:02.073000-11:00,205000008290,2562,2229,1435,1682,1982
CS2503,2025-02-12 21:12:04.075000-11:00,205000008290,2562,2229,1435,1682,1982
CS2503,2025-02-12 21:12:11.358000-11:00,205000008290,2562,2229,1435,1682,1982
CS2503,2025-02-12 21:12:12.575000-11:00,205000008290,2562,2229,1435,1682,1982
CS2503,2025-02-12 21:12:22.354000-11:00,205000008290,2562,2229,1435,1682,1982
CS2503,2025-02-12 21:12:23.067000-11:00,205000008290,2562,2229,1435,1682,1982
CS2503,2025-02-12 21:12:28.815000-11:00,205000008290,2562,2229,1435,1682,1982
CS2503,2025-02-12 21:12:29.064000-11:00,205000008290,2562,2229,1435,1682,1982
CS2503,2025-02-12 21:12:30.078000-11:00,205000008290,2562,2229,1435,1682,1982
CS2503,2025-02-12 21:12:30.347000-11:00,205000008290,2562,2229,1435,1682,1982
CS2503,2025-02-12 21:12:31.081000-11:00,205000008290,2562,2229,1435,1682,1982
CS2503,2025-02-12 21:12:33.574000-11:00,205000008290,2562,2229,1435,1682,1982
CS2503,2025-02-12 21:12:36.075000-11:00,205000008290,2562,2229,1435,1682,1982
CS2503,2025-02-12 21:12:36.572000-11:00,205000008290,2562,2229,1435,1682,1982
CS2503,2025-02-12 21:12:38.073000-11:00,205000008290,2562,2229,1435,1682,1982
CS2503,2025-02-12 21:12:38.823000-11:00,205000008290,2562,2229,1435,1682,1982
CS2503,2025-02-12 21:12:42.076000-11:00,205000008290,2562,2229,1435,1682,1982
CS2503,2025-02-12 21:12:42.573000-11:00,205000008290,2562,2229,1435,1682,1982
CS2503,2025-02-12 21:12:43.074000-11:00,205000008290,2562,2229,1435,1682,1982
CS2503,2025-02-12 21:12:45.085000-11:00,205000008290,2562,2229,1435,1682,1982
CS2503,2025-02-12 21:12:46.349000-11:00,205000008290,2562,2229,1435,1682,1982
CS2503,2025-02-12 21:12:47.844000-11:00,205000008290,2562,2229,1435,1682,1982
CS2503,2025-02-12 21:12:49.323000-11:00,205000008290,2562,2229,1435,1682,1982
CS2503,2025-02-12 21:12:50.821000-11:00,205000008290,2562,2229,1435,1682,1982
CS2503,2025-02-12 21:12:52.073000-11:00,205000008290,2562,2229,1435,1682,1982
CS2503,2025-02-12 21:13:01.832000-11:00,205000008290,2562,2229,1435,1682,1982
CS2503,2025-02-12 21:13:04.077000-11:00,205000008290,2562,2229,1435,1682,1982
CS2503,2025-02-12 21:13:04.573000-11:00,205000008290,2562,2229,1435,1682,1982
CS2503,2025-02-12 21:13:05.075000-11:00,205000008290,2562,2229,1435,1682,1982
CS2503,2025-02-12 21:13:07.079000-11:00,205000008290,2562,2229,1435,1682,1982
CS2503,2025-02-12 21:13:08.101000-11:00,205000008290,2562,2229,1435,1682,1982
CS2503,2025-02-12 21:13:09.078000-11:00,205000008290,2562,2229,1435,1682,1982
CS2503,2025-02-12 21:13:10.078000-11:00,205000008290,2562,2229,1435,1682,1982
CS2503,2025-02-12 21:13:10.344000-11:00,205000008290,2562,2229,1435,1682,1982
CS2503,2025-02-12 21:13:10.823000-11:00,205000008290,2562,2229,1435,1682,1982
CS2503,2025-02-12 21:13:14.074000-11:00,205000008290,2562,2229,1435,1682,1982
CS2503,2025-02-12 21:13:17.069000-11:00,205000008290,2562,2229,1435,1682,1982
CS2503,2025-02-12 21:13:20.347000-11:00,205000008290,2562,2229,1435,1682,1982
CS2503,2025-02-12 21:13:21.819000-11:00,205000008290,2562,2229,1435,1682,1982
CS2503,2025-02-12 21:13:24.569000-11:00,205000008290,2562,2229,1435,1682,1982
CS2503,2025-02-12 21:13:29.573000-11:00,205000008290,2562,2229,1435,1682,1982
CS2503,2025-02-12 21:13:35.077000-11:00,205000008290,2562,2229,1435,1682,1982
CS2503,2025-02-12 21:13:35.571000-11:00,205000008290,2562,2229,1435,1682,1982
CS2503,2025-02-12 21:13:37.073000-11:00,205000008290,2562,2229,1435,1682,1982
CS2503,2025-02-12 21:13:38.570000-11:00,205000008290,2562,2229,1435,1682,1982
CS2503,2025-02-12 21:13:39.069000-11:00,205000008290,2562,2229,1435,1682,1982
CS2503,2025-02-12 21:13:39.819000-11:00,205000008290,2562,2229,1435,1682,1982
CS2503,2025-02-12 21:13:57.568000-11:00,205000008290,2562,2229,1435,1682,1982
CS2503,2025-02-12 21:13:58.076000-11:00,205000008290,2562,2229,1435,1682,1982
CS2503,2025-02-12 21:13:58.572000-11:00,205000008290,2562,2229,1435,1682,1982
CS2503,2025-02-12 21:13:59.070000-11:00,205000008290,2562,2229,1435,1682,1982
CS2503,2025-02-12 21:14:10.877000-11:00,205000008290,2562,2229,1435,1682,1982
CS2503,2025-02-12 21:14:11.087000-11:00,205000008290,2562,2229,1435,1682,1982
CS2503,2025-02-12 21:14:11.354000-11:00,205000008290,2562,2229,1435,1682,1982
CS2503,2025-02-12 21:14:11.575000-11:00,205000008290,2562,2229,1435,1682,1982
CS2503,2025-02-12 21:14:12.078000-11:00,205000008290,2562,2229,1435,1682,1982
CS2503,2025-02-12 21:14:13.580000-11:00,205000008290,2562,2229,1435,1682,1982
CS2503,2025-02-12 21:14:14.077000-11:00,205000008290,2562,2229,1435,1682,1982
CS2503,2025-02-12 21:14:14.569000-11:00,205000008290,2562,2229,1435,1682,1982
CS2503,2025-02-12 21:14:19.348000-11:00,205000008290,2562,2229,1435,1682,1982
CS2503,2025-02-12 21:14:21.065000-11:00,205000008290,2562,2229,1435,1682,1982
CS2503,2025-02-12 21:14:22.849000-11:00,205000008290,2562,2229,1435,1682,1982
CS2503,2025-02-12 21:14:23.816000-11:00,205000008290,2562,2229,1435,1682,1982
CS2503,2025-02-12 21:14:25.572000-11:00,205000008290,2562,2229,1435,1682,1982
CS2503,2025-02-12 21:14:25.854000-11:00,205000008290,2562,2229,1435,1682,1982
CS2503,2025-02-12 21:14:27.064000-11:00,205000008290,2562,2229,1435,1682,1982
CS2503,2025-02-12 21:14:27.815000-11:00,205000008290,2562,2229,1435,1682,1982
CS2503,2025-02-12 21:14:29.821000-11:00,205000008290,2562,2229,1435,1682,1982
CS2503,2025-02-12 21:14:30.613000-11:00,205000008290,2562,2229,1435,1682,1982
CS2503,2025-02-12 21:14:32.081000-11:00,205000008290,2562,2229,1435,1682,1982
CS2503,2025-02-12 21:14:32.575000-11:00,205000008290,2562,2229,1435,1682,1982
CS2503,2025-02-12 21:14:33.325000-11:00,205000008290,2562,2229,1435,1682,1982
CS2503,2025-02-12 21:14:37.084000-11:00,205000008290,2562,2229,1435,1682,1982
CS2503,2025-02-12 21:14:45.342000-11:00,205000008290,2562,2229,1435,1682,1982
CS2503,2025-02-12 21:14:45.578000-11:00,205000008290,2562,2229,1435,1682,1982
CS2503,2025-02-12 21:14:46.573000-11:00,205000008290,2562,2229,1435,1682,1982
CS2503,2025-02-12 21:14:47.077000-11:00,205000008290,2562,2229,1435,1682,1982
CS2503,2025-02-12 21:14:49.077000-11:00,205000008290,2562,2229,1435,1682,1982
CS2503,2025-02-12 21:14:49.575000-11:00,205000008290,2562,2229,1435,1682,1982
CS2503,2025-02-12 21:14:51.573000-11:00,205000008290,2562,2229,1435,1682,1982
CS2503,2025-02-12 21:14:52.081000-11:00,205000008290,2562,2229,1435,1682,1982
CS2503,2025-02-12 21:14:52.328000-11:00,205000008290,2562,2229,1435,1682,1982
CS2503,2025-02-12 21:14:52.582000-11:00,205000008290,2562,2229,1435,1682,1982
CS2503,2025-02-12 21:14:53.587000-11:00,205000008290,2562,2229,1435,1682,1982
CS2503,2025-02-12 21:14:53.850000-11:00,205000008290,2562,2229,1435,1682,1982
CS2503,2025-02-12 21:14:55.076000-11:00,205000008290,2562,2229,1435,1682,1982
CS2503,2025-02-12 21:14:56.348000-11:00,205000008290,2562,2229,1435,1682,1982
CS2503,2025-02-12 21:14:59.344000-11:00,205000008290,2562,2229,1435,1682,1982
CS2503,2025-02-12 21:15:00.328000-11:00,205000008290,2562,2229,1435,1682,1982
CS2503,2025-02-12 21:15:00.582000-11:00,205000008290,2562,2229,1435,1682,1982
CS2503,2025-02-12 21:15:01.074000-11:00,205000008290,2562,2229,1435,1682,1982
CS2503,2025-02-12 21:15:01.579000-11:00,205000008290,2562,2230,1435,1683,1982
CS2503,2025-02-12 21:15:02.074000-11:00,205000008290,2562,2232,1436,1686,1982
CS2503,2025-02-12 21:15:03.072000-11:00,205000008290,2562,2233,1436,1687,1982
CS2503,2025-02-12 21:15:04.084000-11:00,205000008290,2562,2233,1437,1688,1982
CS2503,2025-02-12 21:15:07.071000-11:00,205000008290,2562,2234,1438,1690,1982
CS2503,2025-02-12 21:15:09.576000-11:00,205000008290,2562,2234,1439,1691,1982
CS2503,2025-02-12 21:15:10.075000-11:00,205000008290,2562,2235,1439,1692,1982
CS2503,2025-02-12 21:15:10.321000-11:00,205000008290,2562,2246,1440,1704,1982
CS2503,2025-02-12 21:15:10.573000-11:00,205000008290,2562,2248,1440,1706,1982
CS2503,2025-02-12 21:15:11.574000-11:00,205000008290,2562,2248,1444,1710,1982
CS2503,2025-02-12 21:15:11.832000-11:00,205000008290,2562,2248,1445,1711,1982
CS2503,2025-02-12 21:15:12.075000-11:00,205000008290,2562,2248,1446,1712,1982
CS2503,2025-02-12 21:15:14.820000-11:00,205000008290,2562,2249,1446,1713,1982
CS2503,2025-02-12 21:15:16.604000-11:00,205000008290,2562,2249,1446,1713,1982
CS2503,2025-02-12 21:15:17.576000-11:00,205000008290,2562,2250,1446,1714,1982
CS2503,2025-02-12 21:15:17.847000-11:00,205000008290,2562,2250,1447,1715,1982
CS2503,2025-02-12 21:15:18.072000-11:00,205000008290,2562,2251,1447,1716,1982
CS2503,2025-02-12 21:15:20.073000-11:00,205000008290,2562,2252,1448,1718,1982
CS2503,2025-02-12 21:15:20.323000-11:00,205000008290,2562,2257,1448,1720,1985
CS2503,2025-02-12 21:15:23.569000-11:00,205000008290,2562,2257,1449,1721,1985
CS2503,2025-02-12 21:15:24.071000-11:00,205000008290,2562,2257,1449,1721,1985
CS2503,2025-02-12 21:15:25.392000-11:00,205000008290,2559,1673,2286,2314,1645
CS2503,2025-02-12 21:15:25.858000-11:00,205000008290,2559,1674,2286,2314,1646
CS2503,2025-02-12 21:15:26.078000-11:00,205000008290,2559,1675,2286,2314,1647
CS2503,2025-02-12 21:15:27.337000-11:00,205000008290,2559,1675,2289,2314,1650
CS2503,2025-02-12 21:15:28.338000-11:00,205000008290,2559,1676,2289,2314,1651
CS2503,2025-02-12 21:15:29.568000-11:00,205000008290,2559,1677,2289,2314,1652
CS2503,2025-02-12 21:15:30.069000-11:00,205000008290,2559,1678,2289,2314,1653
CS2503,2025-02-12 21:15:31.569000-11:00,205000008290,2559,1679,2289,2314,1654
CS2503,2025-02-12 21:15:32.070000-11:00,205000008290,2559,1679,2290,2315,1654
CS2503,2025-02-12 21:15:32.569000-11:00,205000008290,2559,1679,2291,2315,1655
CS2503,2025-02-12 21:15:34.071000-11:00,205000008290,2559,1681,2291,2315,1657
CS2503,2025-02-12 21:15:38.570000-11:00,205000008290,2559,1682,2292,2316,1658
CS2503,2025-02-12 21:15:38.839000-11:00,205000008290,2559,1689,2295,2326,1658
CS2503,2025-02-12 21:15:40.086000-11:00,205000008290,2559,1691,2295,2328,1658
CS2503,2025-02-12 21:15:44.568000-11:00,205000008290,2559,1692,2295,2328,1659
CS2503,2025-02-12 21:15:46.817000-11:00,205000008290,2559,1693,2295,2329,1659
CS2503,2025-02-12 21:15:50.579000-11:00,205000008290,2559,1694,2295,2330,1659
CS2503,2025-02-12 21:15:51.321000-11:00,205000008290,2559,1695,2295,2330,1660
CS2503,2025-02-12 21:15:54.320000-11:00,205000008290,2559,1695,2296,2331,1660
CS2503,2025-02-12 21:16:03.073000-11:00,205000008290,2559,1861,2351,2552,1660
CS2503,2025-02-12 21:16:03.348000-11:00,205000008290,2559,1863,2356,2552,1667
CS2503,2025-02-12 21:16:04.068000-11:00,205000008290,2559,1865,2356,2552,1669
CS2503,2025-02-12 21:16:05.072000-11:00,205000008290,2559,1866,2356,2553,1669
CS2503,2025-02-12 21:16:07.065000-11:00,205000008290,2559,1867,2356,2554,1669
CS2503,2025-02-12 21:16:07.566000-11:00,205000008290,2559,1868,2356,2554,1670
CS2503,2025-02-12 21:16:11.812000-11:00,205000008290,2559,1869,2356,2554,1671
CS2503,2025-02-12 21:16:12.066000-11:00,205000008290,2559,1872,2356,2557,1671
CS2503,2025-02-12 21:16:18.071000-11:00,205000008290,2559,1873,2356,2558,1671
CS2503,2025-02-12 21:16:21.310000-11:00,205000008290,2559,1876,2367,2558,1685
CS2503,2025-02-12 21:16:22.568000-11:00,205000008290,2559,1877,2367,2558,1686
CS2503,2025-02-12 21:16:23.840000-11:00,205000008290,2559,1878,2368,2560,1686
CS2503,2025-02-12 21:16:25.315000-11:00,205000008290,2559,1879,2369,2562,1686
CS2503,2025-02-12 21:16:28.070000-11:00,205000008290,2559,1879,2370,2562,1687
CS2503,2025-02-12 21:16:33.602000-11:00,205000008290,2559,1880,2370,2562,1688
CS2503,2025-02-12 21:16:35.074000-11:00,205000008290,2559,1881,2370,2562,1689
CS2503,2025-02-12 21:16:38.097000-11:00,205000008290,2559,1882,2370,2562,1690
CS2503,2025-02-12 21:16:39.082000-11:00,205000008290,2559,1883,2371,2564,1690
CS2503,2025-02-12 21:16:46.077000-11:00,205000008290,2559,1884,2371,2564,1691
CS2503,2025-02-12 21:16:46.824000-11:00,205000008290,2559,1885,2371,2565,1691
CS2503,2025-02-12 21:16:47.092000-11:00,205000008290,2559,1886,2371,2565,1692
CS2503,2025-02-12 21:16:48.575000-11:00,205000008290,2559,1888,2371,2567,1692
CS2503,2025-02-12 21:16:48.823000-11:00,205000008290,2559,1889,2371,2568,1692
CS2503,2025-02-12 21:16:52.571000-11:00,205000008290,2559,1893,2371,2572,1692
CS2503,2025-02-12 21:16:53.838000-11:00,205000008290,2559,1894,2371,2573,1692
CS2503,2025-02-12 21:16:55.862000-11:00,205000008290,2559,1895,2371,2574,1692
CS2503,2025-02-12 21:16:57.076000-11:00,205000008290,2559,1897,2371,2575,1693
CS2503,2025-02-12 21:16:57.339000-11:00,205000008290,2559,1897,2372,2576,1693
CS2503,2025-02-12 21:16:58.319000-11:00,205000008290,2559,1897,2373,2577,1693
CS2503,2025-02-12 21:16:58.568000-11:00,205000008290,2559,1897,2374,2578,1693
CS2503,2025-02-12 21:16:59.576000-11:00,205000008290,2559,1897,2375,2578,1694
CS2503,2025-02-12 21:17:00.341000-11:00,205000008290,2559,1897,2376,2579,1694
CS2503,2025-02-12 21:17:02.082000-11:00,205000008290,2559,1897,2384,2579,1702
CS2503,2025-02-12 21:17:02.575000-11:00,205000008290,2559,1898,2384,2579,1703
CS2503,2025-02-12 21:17:02.845000-11:00,205000008290,2559,1899,2385,2580,1704
CS2503,2025-02-12 21:17:03.076000-11:00,205000008290,2559,1900,2385,2580,1705
CS2503,2025-02-12 21:17:04.818000-11:00,205000008290,2559,1902,2385,2580,1707
CS2503,2025-02-12 21:17:07.067000-11:00,205000008290,2559,1903,2385,2581,1707
CS2503,2025-02-12 21:17:08.102000-11:00,205000008290,2559,1905,2385,2583,1707
CS2503,2025-02-12 21:17:08.337000-11:00,205000008290,2559,1905,2386,2583,1708
CS2503,2025-02-12 21:17:12.072000-11:00,205000008290,2559,1907,2386,2585,1708
CS2503,2025-02-12 21:17:12.588000-11:00,205000008290,2559,1911,2386,2589,1708
CS2503,2025-02-12 21:17:14.847000-11:00,205000008290,2559,1913,2386,2591,1708
CS2503,2025-02-12 21:17:17.568000-11:00,205000008290,2559,1914,2386,2591,1709
CS2503,2025-02-12 21:17:17.839000-11:00,205000008290,2559,1914,2387,2592,1709
CS2503,2025-02-12 21:17:18.071000-11:00,205000008290,2559,1916,2387,2594,1709
CS2503,2025-02-12 21:17:18.568000-11:00,205000008290,2559,1918,2387,2596,1709
CS2503,2025-02-12 21:17:20.338000-11:00,205000008290,2559,1919,2387,2597,1709
CS2503,2025-02-12 21:17:22.073000-11:00,205000008290,2559,1927,2398,2597,1728
CS2503,2025-02-12 21:17:30.579000-11:00,205000008290,2559,1931,2398,2601,1728
CS2503,2025-02-12 21:17:34.345000-11:00,205000008290,2559,1933,2398,2603,1728
CS2503,2025-02-12 21:17:36.073000-11:00,205000008290,2559,1934,2398,2603,1729
CS2503,2025-02-12 21:17:39.067000-11:00,205000008290,2559,1936,2398,2605,1729
CS2503,2025-02-12 21:17:46.063000-11:00,205000008290,2559,1944,2401,2608,1737
CS2503,2025-02-12 21:17:46.314000-11:00,205000008290,2559,1945,2401,2609,1737
CS2503,2025-02-12 21:17:47.065000-11:00,205000008290,2559,1947,2401,2609,1739
CS2503,2025-02-12 21:17:48.071000-11:00,205000008290,2559,1948,2401,2610,1739
CS2503,2025-02-12 21:17:48.317000-11:00,205000008290,2559,1948,2402,2611,1739
CS2503,2025-02-12 21:17:48.563000-11:00,205000008290,2559,1949,2403,2613,1739
CS2503,2025-02-12 21:17:50.066000-11:00,205000008290,2559,1949,2404,2614,1739
CS2503,2025-02-12 21:17:51.346000-11:00,205000008290,2559,1949,2405,2615,1739
CS2503,2025-02-12 21:17:52.068000-11:00,205000008290,2559,1949,2407,2617,1739
CS2503,2025-02-12 21:17:54.068000-11:00,205000008290,2559,1954,2407,2621,1740
CS2503,2025-02-12 21:17:54.313000-11:00,205000008290,2559,1958,2408,2625,1741
CS2503,2025-02-12 21:17:54.568000-11:00,205000008290,2559,2017,2433,2678,1772
CS2503,2025-02-12 21:17:54.815000-11:00,205000008290,2559,2018,2433,2678,1773
CS2503,2025-02-12 21:17:55.068000-11:00,205000008290,2559,2020,2434,2678,1776
CS2503,2025-02-12 21:17:57.338000-11:00,205000008290,2559,2020,2434,2678,1776
CS2503,2025-02-12 21:17:57.566000-11:00,205000008290,2559,2021,2434,2678,1777
CS2503,2025-02-12 21:17:58.064000-11:00,205000008290,2559,2021,2444,2684,1781
CS2503,2025-02-12 21:17:58.315000-11:00,205000008290,2559,2022,2444,2684,1782
CS2503,2025-02-12 21:17:58.572000-11:00,205000008290,2559,2067,2445,2716,1796
CS2503,2025-02-12 21:17:58.848000-11:00,205000008290,2559,2067,2447,2718,1796
CS2503,2025-02-12 21:17:59.072000-11:00,205000008290,2559,2067,2449,2719,1797
CS2503,2025-02-12 21:18:00.316000-11:00,205000008290,2559,2067,2450,2719,1798
CS2503,2025-02-12 21:18:00.567000-11:00,205000008290,2559,2088,2459,2725,1822
CS2503,2025-02-12 21:18:00.840000-11:00,205000008290,2559,2102,2464,2730,1836
CS2503,2025-02-12 21:18:02.065000-11:00,205000008290,2559,2104,2464,2730,1838
CS2503,2025-02-12 21:18:03.320000-11:00,205000008290,2559,2104,2464,2730,1838
CS2503,2025-02-12 21:18:03.561000-11:00,205000008290,2559,2104,2464,2730,1838
CS2503,2025-02-12 21:18:04.066000-11:00,205000008290,2559,2104,2465,2730,1839
CS2503,2025-02-12 21:18:09.060000-11:00,205000008290,2559,2104,2465,2730,1839
CS2503,2025-02-12 21:18:12.569000-11:00,205000008290,2559,2104,2465,2730,1839
CS2503,2025-02-12 21:18:13.843000-11:00,205000008290,2559,2205,2470,2754,1921
CS2503,2025-02-12 21:18:14.064000-11:00,205000008290,2559,2205,2473,2757,1921
CS2503,2025-02-12 21:18:21.062000-11:00,205000008290,2559,2205,2473,2757,1921
CS2503,2025-02-12 21:18:21.563000-11:00,205000008290,2559,2205,2473,2757,1921
CS2503,2025-02-12 21:18:22.060000-11:00,205000008290,2559,2205,2473,2757,1921
CS2503,2025-02-12 21:18:26.061000-11:00,205000008290,2559,2206,2473,2758,1921
CS2503,2025-02-12 21:18:29.060000-11:00,205000008290,2559,2206,2473,2758,1921
CS2503,2025-02-12 21:18:30.587000-11:00,205000008290,2559,2206,2473,2758,1921
CS2503,2025-02-12 21:18:32.585000-11:00,205000008290,2559,2206,2473,2758,1921
CS2503,2025-02-12 21:18:34.568000-11:00,205000008290,2559,2207,2473,2759,1921
CS2503,2025-02-12 21:18:36.820000-11:00,205000008290,2559,2208,2473,2760,1921
CS2503,2025-02-12 21:18:37.068000-11:00,205000008290,2559,2208,2473,2760,1921
CS2503,2025-02-12 21:18:39.076000-11:00,205000008290,2559,2208,2473,2760,1921
CS2503,2025-02-12 21:18:40.067000-11:00,205000008290,2559,2208,2473,2760,1921
